%YAML 1.1
%TAG !u! tag:unity3d.com,2011:
--- !u!1 &953913031207085805
GameObject:
  m_ObjectHideFlags: 0
  m_CorrespondingSourceObject: {fileID: 0}
  m_PrefabInstance: {fileID: 0}
  m_PrefabAsset: {fileID: 0}
  serializedVersion: 6
  m_Component:
  - component: {fileID: 953913031207085793}
  - component: {fileID: 953913031207085794}
  - component: {fileID: 953913031207085795}
  - component: {fileID: 953913031207085804}
  m_Layer: 0
  m_Name: Cube
  m_TagString: Untagged
  m_Icon: {fileID: 0}
  m_NavMeshLayer: 0
  m_StaticEditorFlags: 8
  m_IsActive: 1
--- !u!4 &953913031207085793
Transform:
  m_ObjectHideFlags: 0
  m_CorrespondingSourceObject: {fileID: 0}
  m_PrefabInstance: {fileID: 0}
  m_PrefabAsset: {fileID: 0}
  m_GameObject: {fileID: 953913031207085805}
  m_LocalRotation: {x: -0, y: -0, z: -0, w: 1}
  m_LocalPosition: {x: 0, y: -1.06, z: 0}
  m_LocalScale: {x: 15, y: 1, z: 15}
  m_ConstrainProportionsScale: 0
  m_Children: []
  m_Father: {fileID: 953913032315919790}
  m_RootOrder: 0
  m_LocalEulerAnglesHint: {x: 0, y: 0, z: 0}
--- !u!33 &953913031207085794
MeshFilter:
  m_ObjectHideFlags: 0
  m_CorrespondingSourceObject: {fileID: 0}
  m_PrefabInstance: {fileID: 0}
  m_PrefabAsset: {fileID: 0}
  m_GameObject: {fileID: 953913031207085805}
  m_Mesh: {fileID: 0}
--- !u!23 &953913031207085795
MeshRenderer:
  m_ObjectHideFlags: 0
  m_CorrespondingSourceObject: {fileID: 0}
  m_PrefabInstance: {fileID: 0}
  m_PrefabAsset: {fileID: 0}
  m_GameObject: {fileID: 953913031207085805}
  m_Enabled: 1
  m_CastShadows: 1
  m_ReceiveShadows: 1
  m_DynamicOccludee: 1
  m_StaticShadowCaster: 0
  m_MotionVectors: 1
  m_LightProbeUsage: 1
  m_ReflectionProbeUsage: 1
  m_RayTracingMode: 2
  m_RayTraceProcedural: 0
  m_RenderingLayerMask: 1
  m_RendererPriority: 0
  m_Materials:
  - {fileID: 2100000, guid: 39534fa004dde8849aa5464c7c0ef9c8, type: 2}
  m_StaticBatchInfo:
    firstSubMesh: 0
    subMeshCount: 0
  m_StaticBatchRoot: {fileID: 0}
  m_ProbeAnchor: {fileID: 0}
  m_LightProbeVolumeOverride: {fileID: 0}
  m_ScaleInLightmap: 1
  m_ReceiveGI: 1
  m_PreserveUVs: 0
  m_IgnoreNormalsForChartDetection: 0
  m_ImportantGI: 0
  m_StitchLightmapSeams: 1
  m_SelectedEditorRenderState: 2
  m_MinimumChartSize: 4
  m_AutoUVMaxDistance: 0.5
  m_AutoUVMaxAngle: 89
  m_LightmapParameters: {fileID: 0}
  m_SortingLayerID: 0
  m_SortingLayer: 0
  m_SortingOrder: 0
  m_AdditionalVertexStreams: {fileID: 0}
--- !u!65 &953913031207085804
BoxCollider:
  m_ObjectHideFlags: 0
  m_CorrespondingSourceObject: {fileID: 0}
  m_PrefabInstance: {fileID: 0}
  m_PrefabAsset: {fileID: 0}
  m_GameObject: {fileID: 953913031207085805}
  m_Material: {fileID: 0}
  m_IsTrigger: 0
  m_Enabled: 1
  serializedVersion: 2
  m_Size: {x: 1, y: 1, z: 1}
  m_Center: {x: 0, y: 0, z: 0}
--- !u!1 &953913032315919791
GameObject:
  m_ObjectHideFlags: 0
  m_CorrespondingSourceObject: {fileID: 0}
  m_PrefabInstance: {fileID: 0}
  m_PrefabAsset: {fileID: 0}
  serializedVersion: 6
  m_Component:
  - component: {fileID: 953913032315919790}
  m_Layer: 0
  m_Name: Envoirment
  m_TagString: Untagged
  m_Icon: {fileID: 0}
  m_NavMeshLayer: 0
  m_StaticEditorFlags: 0
  m_IsActive: 1
--- !u!4 &953913032315919790
Transform:
  m_ObjectHideFlags: 0
  m_CorrespondingSourceObject: {fileID: 0}
  m_PrefabInstance: {fileID: 0}
  m_PrefabAsset: {fileID: 0}
  m_GameObject: {fileID: 953913032315919791}
  m_LocalRotation: {x: 0, y: 0, z: 0, w: 1}
  m_LocalPosition: {x: 0, y: 0, z: 0}
  m_LocalScale: {x: 1, y: 1, z: 1}
  m_ConstrainProportionsScale: 0
  m_Children:
  - {fileID: 953913031207085793}
  - {fileID: 953913033052632981}
  - {fileID: 5207935884052803903}
  - {fileID: 9029408768027889459}
  m_Father: {fileID: 0}
  m_RootOrder: 0
  m_LocalEulerAnglesHint: {x: 0, y: 0, z: 0}
--- !u!1001 &953913031473944274
PrefabInstance:
  m_ObjectHideFlags: 0
  serializedVersion: 2
  m_Modification:
    m_TransformParent: {fileID: 953913032315919790}
    m_Modifications:
    - target: {fileID: 8102571348683348449, guid: c9e89194a3b22e645b6254d7b426a79d,
        type: 3}
      propertyPath: m_RootOrder
      value: 3
      objectReference: {fileID: 0}
    - target: {fileID: 8102571348683348449, guid: c9e89194a3b22e645b6254d7b426a79d,
        type: 3}
      propertyPath: m_LocalPosition.x
      value: 43.54
      objectReference: {fileID: 0}
    - target: {fileID: 8102571348683348449, guid: c9e89194a3b22e645b6254d7b426a79d,
        type: 3}
      propertyPath: m_LocalPosition.y
      value: 0.02
      objectReference: {fileID: 0}
    - target: {fileID: 8102571348683348449, guid: c9e89194a3b22e645b6254d7b426a79d,
        type: 3}
      propertyPath: m_LocalPosition.z
      value: -11.92
      objectReference: {fileID: 0}
    - target: {fileID: 8102571348683348449, guid: c9e89194a3b22e645b6254d7b426a79d,
        type: 3}
      propertyPath: m_LocalRotation.w
      value: 1
      objectReference: {fileID: 0}
    - target: {fileID: 8102571348683348449, guid: c9e89194a3b22e645b6254d7b426a79d,
        type: 3}
      propertyPath: m_LocalRotation.x
      value: -0
      objectReference: {fileID: 0}
    - target: {fileID: 8102571348683348449, guid: c9e89194a3b22e645b6254d7b426a79d,
        type: 3}
      propertyPath: m_LocalRotation.y
      value: -0
      objectReference: {fileID: 0}
    - target: {fileID: 8102571348683348449, guid: c9e89194a3b22e645b6254d7b426a79d,
        type: 3}
      propertyPath: m_LocalRotation.z
      value: -0
      objectReference: {fileID: 0}
    - target: {fileID: 8102571348683348449, guid: c9e89194a3b22e645b6254d7b426a79d,
        type: 3}
      propertyPath: m_LocalEulerAnglesHint.x
      value: 0
      objectReference: {fileID: 0}
    - target: {fileID: 8102571348683348449, guid: c9e89194a3b22e645b6254d7b426a79d,
        type: 3}
      propertyPath: m_LocalEulerAnglesHint.y
      value: 0
      objectReference: {fileID: 0}
    - target: {fileID: 8102571348683348449, guid: c9e89194a3b22e645b6254d7b426a79d,
        type: 3}
      propertyPath: m_LocalEulerAnglesHint.z
      value: 0
      objectReference: {fileID: 0}
    - target: {fileID: 8102571348683348452, guid: c9e89194a3b22e645b6254d7b426a79d,
        type: 3}
      propertyPath: m_Name
      value: DoorTrigger
      objectReference: {fileID: 0}
    m_RemovedComponents: []
  m_SourcePrefab: {fileID: 100100000, guid: c9e89194a3b22e645b6254d7b426a79d, type: 3}
--- !u!4 &9029408768027889459 stripped
Transform:
  m_CorrespondingSourceObject: {fileID: 8102571348683348449, guid: c9e89194a3b22e645b6254d7b426a79d,
    type: 3}
  m_PrefabInstance: {fileID: 953913031473944274}
  m_PrefabAsset: {fileID: 0}
--- !u!1001 &953913033097452069
PrefabInstance:
  m_ObjectHideFlags: 0
  serializedVersion: 2
  m_Modification:
    m_TransformParent: {fileID: 953913032315919790}
    m_Modifications:
    - target: {fileID: -4216859302048453862, guid: e2e3e811ffb9c564eb8113d1e45e78d8,
        type: 3}
      propertyPath: m_RootOrder
      value: 2
      objectReference: {fileID: 0}
    - target: {fileID: -4216859302048453862, guid: e2e3e811ffb9c564eb8113d1e45e78d8,
        type: 3}
      propertyPath: m_LocalScale.x
      value: 2000
      objectReference: {fileID: 0}
    - target: {fileID: -4216859302048453862, guid: e2e3e811ffb9c564eb8113d1e45e78d8,
        type: 3}
      propertyPath: m_LocalScale.y
      value: 2000
      objectReference: {fileID: 0}
    - target: {fileID: -4216859302048453862, guid: e2e3e811ffb9c564eb8113d1e45e78d8,
        type: 3}
      propertyPath: m_LocalScale.z
      value: 2000
      objectReference: {fileID: 0}
    - target: {fileID: -4216859302048453862, guid: e2e3e811ffb9c564eb8113d1e45e78d8,
        type: 3}
      propertyPath: m_LocalPosition.x
      value: 32.25
      objectReference: {fileID: 0}
    - target: {fileID: -4216859302048453862, guid: e2e3e811ffb9c564eb8113d1e45e78d8,
        type: 3}
      propertyPath: m_LocalPosition.y
      value: -0.51
      objectReference: {fileID: 0}
    - target: {fileID: -4216859302048453862, guid: e2e3e811ffb9c564eb8113d1e45e78d8,
        type: 3}
      propertyPath: m_LocalPosition.z
      value: -3.50803
      objectReference: {fileID: 0}
    - target: {fileID: -4216859302048453862, guid: e2e3e811ffb9c564eb8113d1e45e78d8,
        type: 3}
      propertyPath: m_LocalRotation.w
      value: 0
      objectReference: {fileID: 0}
    - target: {fileID: -4216859302048453862, guid: e2e3e811ffb9c564eb8113d1e45e78d8,
        type: 3}
      propertyPath: m_LocalRotation.x
      value: 0
      objectReference: {fileID: 0}
    - target: {fileID: -4216859302048453862, guid: e2e3e811ffb9c564eb8113d1e45e78d8,
        type: 3}
      propertyPath: m_LocalRotation.y
      value: 0.7071068
      objectReference: {fileID: 0}
    - target: {fileID: -4216859302048453862, guid: e2e3e811ffb9c564eb8113d1e45e78d8,
        type: 3}
      propertyPath: m_LocalRotation.z
      value: 0.7071068
      objectReference: {fileID: 0}
    - target: {fileID: -4216859302048453862, guid: e2e3e811ffb9c564eb8113d1e45e78d8,
        type: 3}
      propertyPath: m_LocalEulerAnglesHint.x
      value: -90
      objectReference: {fileID: 0}
    - target: {fileID: -4216859302048453862, guid: e2e3e811ffb9c564eb8113d1e45e78d8,
        type: 3}
      propertyPath: m_LocalEulerAnglesHint.y
      value: 180
      objectReference: {fileID: 0}
    - target: {fileID: -4216859302048453862, guid: e2e3e811ffb9c564eb8113d1e45e78d8,
        type: 3}
      propertyPath: m_LocalEulerAnglesHint.z
      value: 0
      objectReference: {fileID: 0}
    - target: {fileID: -1504981713932161579, guid: e2e3e811ffb9c564eb8113d1e45e78d8,
        type: 3}
      propertyPath: m_Materials.Array.data[0]
      value: 
      objectReference: {fileID: 2100000, guid: 39534fa004dde8849aa5464c7c0ef9c8, type: 2}
    - target: {fileID: -927199367670048503, guid: e2e3e811ffb9c564eb8113d1e45e78d8,
        type: 3}
      propertyPath: m_Name
      value: level
      objectReference: {fileID: 0}
    - target: {fileID: -927199367670048503, guid: e2e3e811ffb9c564eb8113d1e45e78d8,
        type: 3}
      propertyPath: m_StaticEditorFlags
      value: 4294967295
      objectReference: {fileID: 0}
    m_RemovedComponents: []
  m_SourcePrefab: {fileID: 100100000, guid: e2e3e811ffb9c564eb8113d1e45e78d8, type: 3}
--- !u!4 &5207935884052803903 stripped
Transform:
  m_CorrespondingSourceObject: {fileID: -4216859302048453862, guid: e2e3e811ffb9c564eb8113d1e45e78d8,
    type: 3}
  m_PrefabInstance: {fileID: 953913033097452069}
  m_PrefabAsset: {fileID: 0}
--- !u!1 &9087445801238315820 stripped
GameObject:
  m_CorrespondingSourceObject: {fileID: -927199367670048503, guid: e2e3e811ffb9c564eb8113d1e45e78d8,
    type: 3}
  m_PrefabInstance: {fileID: 953913033097452069}
  m_PrefabAsset: {fileID: 0}
--- !u!64 &1143526441
MeshCollider:
  m_ObjectHideFlags: 0
  m_CorrespondingSourceObject: {fileID: 0}
  m_PrefabInstance: {fileID: 0}
  m_PrefabAsset: {fileID: 0}
  m_GameObject: {fileID: 9087445801238315820}
  m_Material: {fileID: 0}
  m_IsTrigger: 0
  m_Enabled: 1
  serializedVersion: 4
  m_Convex: 0
  m_CookingOptions: 30
  m_Mesh: {fileID: -462981019419857548, guid: e2e3e811ffb9c564eb8113d1e45e78d8, type: 3}
--- !u!1001 &9029408767458995828
PrefabInstance:
  m_ObjectHideFlags: 0
  serializedVersion: 2
  m_Modification:
    m_TransformParent: {fileID: 953913032315919790}
    m_Modifications:
    - target: {fileID: 2279685036802435817, guid: c9e89194a3b22e645b6254d7b426a79d,
        type: 3}
      propertyPath: m_StaticEditorFlags
      value: 8
      objectReference: {fileID: 0}
    - target: {fileID: 8102571348683348449, guid: c9e89194a3b22e645b6254d7b426a79d,
        type: 3}
      propertyPath: m_RootOrder
      value: 1
      objectReference: {fileID: 0}
    - target: {fileID: 8102571348683348449, guid: c9e89194a3b22e645b6254d7b426a79d,
        type: 3}
      propertyPath: m_LocalPosition.x
      value: 28.6
      objectReference: {fileID: 0}
    - target: {fileID: 8102571348683348449, guid: c9e89194a3b22e645b6254d7b426a79d,
        type: 3}
      propertyPath: m_LocalPosition.y
      value: 0
      objectReference: {fileID: 0}
    - target: {fileID: 8102571348683348449, guid: c9e89194a3b22e645b6254d7b426a79d,
        type: 3}
      propertyPath: m_LocalPosition.z
      value: -11.65
      objectReference: {fileID: 0}
    - target: {fileID: 8102571348683348449, guid: c9e89194a3b22e645b6254d7b426a79d,
        type: 3}
      propertyPath: m_LocalRotation.w
      value: 1
      objectReference: {fileID: 0}
    - target: {fileID: 8102571348683348449, guid: c9e89194a3b22e645b6254d7b426a79d,
        type: 3}
      propertyPath: m_LocalRotation.x
      value: -0
      objectReference: {fileID: 0}
    - target: {fileID: 8102571348683348449, guid: c9e89194a3b22e645b6254d7b426a79d,
        type: 3}
      propertyPath: m_LocalRotation.y
      value: -0
      objectReference: {fileID: 0}
    - target: {fileID: 8102571348683348449, guid: c9e89194a3b22e645b6254d7b426a79d,
        type: 3}
      propertyPath: m_LocalRotation.z
      value: -0
      objectReference: {fileID: 0}
    - target: {fileID: 8102571348683348449, guid: c9e89194a3b22e645b6254d7b426a79d,
        type: 3}
      propertyPath: m_LocalEulerAnglesHint.x
      value: 0
      objectReference: {fileID: 0}
    - target: {fileID: 8102571348683348449, guid: c9e89194a3b22e645b6254d7b426a79d,
        type: 3}
      propertyPath: m_LocalEulerAnglesHint.y
      value: 0
      objectReference: {fileID: 0}
    - target: {fileID: 8102571348683348449, guid: c9e89194a3b22e645b6254d7b426a79d,
        type: 3}
      propertyPath: m_LocalEulerAnglesHint.z
      value: 0
      objectReference: {fileID: 0}
    - target: {fileID: 8102571348683348452, guid: c9e89194a3b22e645b6254d7b426a79d,
        type: 3}
      propertyPath: m_Name
      value: DoorTrigger
      objectReference: {fileID: 0}
    m_RemovedComponents: []
  m_SourcePrefab: {fileID: 100100000, guid: c9e89194a3b22e645b6254d7b426a79d, type: 3}
--- !u!4 &953913033052632981 stripped
Transform:
  m_CorrespondingSourceObject: {fileID: 8102571348683348449, guid: c9e89194a3b22e645b6254d7b426a79d,
    type: 3}
  m_PrefabInstance: {fileID: 9029408767458995828}
  m_PrefabAsset: {fileID: 0}
