%YAML 1.1
%TAG !u! tag:unity3d.com,2011:
--- !u!114 &114023846229194376
MonoBehaviour:
  m_ObjectHideFlags: 1
  m_CorrespondingSourceObject: {fileID: 0}
  m_PrefabInstance: {fileID: 0}
  m_PrefabAsset: {fileID: 0}
  m_GameObject: {fileID: 0}
  m_Enabled: 1
  m_EditorHideFlags: 0
  m_Script: {fileID: 11500000, guid: 73a13919d81fb7444849bae8b5c812a2, type: 3}
  m_Name: VFXBasicSpawner
  m_EditorClassIdentifier: 
  m_UIIgnoredErrors: []
  m_Parent: {fileID: 114350483966674976}
  m_Children:
  - {fileID: 114873264888500148}
  m_UIPosition: {x: 707.8936, y: -190.26595}
  m_UICollapsed: 0
  m_UISuperCollapsed: 0
  m_InputSlots: []
  m_OutputSlots: []
  m_Label: 
  m_Data: {fileID: 8926484042661614675}
  m_InputFlowSlot:
  - link: []
  - link: []
  m_OutputFlowSlot:
  - link:
    - context: {fileID: 114946465509916290}
      slotIndex: 0
  loopDuration: 0
  loopCount: 0
  delayBeforeLoop: 0
  delayAfterLoop: 0
--- !u!114 &114063133802684794
MonoBehaviour:
  m_ObjectHideFlags: 1
  m_CorrespondingSourceObject: {fileID: 0}
  m_PrefabInstance: {fileID: 0}
  m_PrefabAsset: {fileID: 0}
  m_GameObject: {fileID: 0}
  m_Enabled: 1
  m_EditorHideFlags: 0
  m_Script: {fileID: 11500000, guid: a0b9e6b9139e58d4c957ec54595da7d3, type: 3}
  m_Name: VFXQuadOutput
  m_EditorClassIdentifier: 
  m_UIIgnoredErrors: []
  m_Parent: {fileID: 114350483966674976}
  m_Children:
  - {fileID: 114580989189733782}
  - {fileID: 114596491906001080}
  - {fileID: 8926484042661614561}
  - {fileID: 8926484042661614589}
  m_UIPosition: {x: 707, y: 1022}
  m_UICollapsed: 0
  m_UISuperCollapsed: 0
  m_InputSlots:
  - {fileID: 114158099937248418}
  m_OutputSlots: []
  m_Label: 
  m_Data: {fileID: 114428730288789306}
  m_InputFlowSlot:
  - link:
    - context: {fileID: 114780028408030698}
      slotIndex: 0
  m_OutputFlowSlot:
  - link: []
  blendMode: 0
  useAlphaClipping: 0
  generateMotionVector: 0
  excludeFromTAA: 0
  sortingPriority: 0
  m_SubOutputs:
  - {fileID: 8926484042661614540}
  cullMode: 0
  zWriteMode: 0
  zTestMode: 0
  colorMapping: 0
  uvMode: 0
  useSoftParticle: 0
  vfxSystemSortPriority: 0
  sort: 0
  sortMode: 0
  revertSorting: 0
  indirectDraw: 0
  computeCulling: 0
  frustumCulling: 0
  castShadows: 0
  useExposureWeight: 0
  flipbookLayout: 0
  needsOwnSort: 0
  shaderGraph: {fileID: 0}
  materialSettings:
    m_PropertyNames: []
    m_PropertyValues: []
  primitiveType: 1
  useGeometryShader: 0
--- !u!114 &114158099937248418
MonoBehaviour:
  m_ObjectHideFlags: 1
  m_CorrespondingSourceObject: {fileID: 0}
  m_PrefabInstance: {fileID: 0}
  m_PrefabAsset: {fileID: 0}
  m_GameObject: {fileID: 0}
  m_Enabled: 1
  m_EditorHideFlags: 0
  m_Script: {fileID: 11500000, guid: 70a331b1d86cc8d4aa106ccbe0da5852, type: 3}
  m_Name: VFXSlotTexture2D
  m_EditorClassIdentifier: 
  m_UIIgnoredErrors: []
  m_Parent: {fileID: 0}
  m_Children: []
  m_UIPosition: {x: 0, y: 0}
  m_UICollapsed: 1
  m_UISuperCollapsed: 0
  m_MasterSlot: {fileID: 114158099937248418}
  m_MasterData:
    m_Owner: {fileID: 114063133802684794}
    m_Value:
      m_Type:
        m_SerializableType: UnityEngine.Texture2D, UnityEngine.CoreModule, Version=0.0.0.0,
          Culture=neutral, PublicKeyToken=null
      m_SerializableObject: '{"obj":{"fileID":2800000,"guid":"49cb5aa34272b034d8b754c65d9cdbfa","type":3}}'
    m_Space: 2147483647
  m_Property:
    name: mainTexture
    m_serializedType:
      m_SerializableType: UnityEngine.Texture2D, UnityEngine.CoreModule, Version=0.0.0.0,
        Culture=neutral, PublicKeyToken=null
  m_Direction: 0
  m_LinkedSlots: []
--- !u!114 &114307113894698210
MonoBehaviour:
  m_ObjectHideFlags: 1
  m_CorrespondingSourceObject: {fileID: 0}
  m_PrefabInstance: {fileID: 0}
  m_PrefabAsset: {fileID: 0}
  m_GameObject: {fileID: 0}
  m_Enabled: 1
  m_EditorHideFlags: 0
  m_Script: {fileID: 11500000, guid: 1b605c022ee79394a8a776c0869b3f9a, type: 3}
  m_Name: VFXSlot
  m_EditorClassIdentifier: 
  m_UIIgnoredErrors: []
  m_Parent: {fileID: 0}
  m_Children:
  - {fileID: 114986932069951040}
  - {fileID: 114963171269329408}
  m_UIPosition: {x: 0, y: 0}
  m_UICollapsed: 1
  m_UISuperCollapsed: 0
  m_MasterSlot: {fileID: 114307113894698210}
  m_MasterData:
    m_Owner: {fileID: 114946465509916290}
    m_Value:
      m_Type:
        m_SerializableType: UnityEditor.VFX.AABox, Unity.VisualEffectGraph.Editor,
          Version=0.0.0.0, Culture=neutral, PublicKeyToken=null
      m_SerializableObject: '{"center":{"x":0.0,"y":1.0,"z":0.0},"size":{"x":2.0,"y":3.0,"z":2.0}}'
    m_Space: 0
  m_Property:
    name: bounds
    m_serializedType:
      m_SerializableType: UnityEditor.VFX.AABox, Unity.VisualEffectGraph.Editor,
        Version=0.0.0.0, Culture=neutral, PublicKeyToken=null
  m_Direction: 0
  m_LinkedSlots: []
--- !u!114 &114340500867371532
MonoBehaviour:
  m_ObjectHideFlags: 1
  m_CorrespondingSourceObject: {fileID: 0}
  m_PrefabInstance: {fileID: 0}
  m_PrefabAsset: {fileID: 0}
  m_GameObject: {fileID: 0}
  m_Enabled: 1
  m_EditorHideFlags: 0
  m_Script: {fileID: 11500000, guid: d01270efd3285ea4a9d6c555cb0a8027, type: 3}
  m_Name: VFXUI
  m_EditorClassIdentifier: 
  groupInfos: []
  stickyNoteInfos: []
  categories: []
  uiBounds:
    serializedVersion: 2
    x: 707
    y: -190
    width: 377
    height: 1834
--- !u!114 &114350483966674976
MonoBehaviour:
  m_ObjectHideFlags: 1
  m_CorrespondingSourceObject: {fileID: 0}
  m_PrefabInstance: {fileID: 0}
  m_PrefabAsset: {fileID: 0}
  m_GameObject: {fileID: 0}
  m_Enabled: 1
  m_EditorHideFlags: 0
  m_Script: {fileID: 11500000, guid: 7d4c867f6b72b714dbb5fd1780afe208, type: 3}
  m_Name: Laser
  m_EditorClassIdentifier: 
  m_UIIgnoredErrors: []
  m_Parent: {fileID: 0}
  m_Children:
  - {fileID: 114023846229194376}
  - {fileID: 114946465509916290}
  - {fileID: 114780028408030698}
  - {fileID: 114063133802684794}
  m_UIPosition: {x: 0, y: 0}
  m_UICollapsed: 1
  m_UISuperCollapsed: 0
  m_UIInfos: {fileID: 114340500867371532}
  m_ParameterInfo: []
  m_ImportDependencies: []
  m_GraphVersion: 12
  m_ResourceVersion: 1
  m_SubgraphDependencies: []
  m_CategoryPath: 
--- !u!114 &114380859405582094
MonoBehaviour:
  m_ObjectHideFlags: 1
  m_CorrespondingSourceObject: {fileID: 0}
  m_PrefabInstance: {fileID: 0}
  m_PrefabAsset: {fileID: 0}
  m_GameObject: {fileID: 0}
  m_Enabled: 1
  m_EditorHideFlags: 0
  m_Script: {fileID: 11500000, guid: f780aa281814f9842a7c076d436932e7, type: 3}
  m_Name: VFXSlotFloat
  m_EditorClassIdentifier: 
  m_UIIgnoredErrors: []
  m_Parent: {fileID: 114963171269329408}
  m_Children: []
  m_UIPosition: {x: 0, y: 0}
  m_UICollapsed: 1
  m_UISuperCollapsed: 0
  m_MasterSlot: {fileID: 114307113894698210}
  m_MasterData:
    m_Owner: {fileID: 0}
    m_Value:
      m_Type:
        m_SerializableType: 
      m_SerializableObject: 
    m_Space: 2147483647
  m_Property:
    name: z
    m_serializedType:
      m_SerializableType: System.Single, mscorlib, Version=4.0.0.0, Culture=neutral,
        PublicKeyToken=b77a5c561934e089
  m_Direction: 0
  m_LinkedSlots: []
--- !u!114 &114428730288789306
MonoBehaviour:
  m_ObjectHideFlags: 1
  m_CorrespondingSourceObject: {fileID: 0}
  m_PrefabInstance: {fileID: 0}
  m_PrefabAsset: {fileID: 0}
  m_GameObject: {fileID: 0}
  m_Enabled: 1
  m_EditorHideFlags: 0
  m_Script: {fileID: 11500000, guid: d78581a96eae8bf4398c282eb0b098bd, type: 3}
  m_Name: VFXDataParticle
  m_EditorClassIdentifier: 
  m_UIIgnoredErrors: []
  m_Parent: {fileID: 114350483966674976}
  m_Children: []
  m_UIPosition: {x: 0, y: 0}
  m_UICollapsed: 1
  m_UISuperCollapsed: 0
  title: 
  m_Owners:
  - {fileID: 114946465509916290}
  - {fileID: 114780028408030698}
  - {fileID: 114063133802684794}
  dataType: 0
  capacity: 20000
  stripCapacity: 16
  particlePerStripCount: 16
  needsComputeBounds: 0
  boundsMode: 1
  m_Space: 0
--- !u!114 &114512514798047786
MonoBehaviour:
  m_ObjectHideFlags: 1
  m_CorrespondingSourceObject: {fileID: 0}
  m_PrefabInstance: {fileID: 0}
  m_PrefabAsset: {fileID: 0}
  m_GameObject: {fileID: 0}
  m_Enabled: 1
  m_EditorHideFlags: 0
  m_Script: {fileID: 11500000, guid: f780aa281814f9842a7c076d436932e7, type: 3}
  m_Name: VFXSlotFloat
  m_EditorClassIdentifier: 
  m_UIIgnoredErrors: []
  m_Parent: {fileID: 114963171269329408}
  m_Children: []
  m_UIPosition: {x: 0, y: 0}
  m_UICollapsed: 1
  m_UISuperCollapsed: 0
  m_MasterSlot: {fileID: 114307113894698210}
  m_MasterData:
    m_Owner: {fileID: 0}
    m_Value:
      m_Type:
        m_SerializableType: 
      m_SerializableObject: 
    m_Space: 2147483647
  m_Property:
    name: x
    m_serializedType:
      m_SerializableType: System.Single, mscorlib, Version=4.0.0.0, Culture=neutral,
        PublicKeyToken=b77a5c561934e089
  m_Direction: 0
  m_LinkedSlots: []
--- !u!114 &114538391275492396
MonoBehaviour:
  m_ObjectHideFlags: 1
  m_CorrespondingSourceObject: {fileID: 0}
  m_PrefabInstance: {fileID: 0}
  m_PrefabAsset: {fileID: 0}
  m_GameObject: {fileID: 0}
  m_Enabled: 1
  m_EditorHideFlags: 0
  m_Script: {fileID: 11500000, guid: f780aa281814f9842a7c076d436932e7, type: 3}
  m_Name: VFXSlotFloat
  m_EditorClassIdentifier: 
  m_UIIgnoredErrors: []
  m_Parent: {fileID: 114986932069951040}
  m_Children: []
  m_UIPosition: {x: 0, y: 0}
  m_UICollapsed: 1
  m_UISuperCollapsed: 0
  m_MasterSlot: {fileID: 114307113894698210}
  m_MasterData:
    m_Owner: {fileID: 0}
    m_Value:
      m_Type:
        m_SerializableType: 
      m_SerializableObject: 
    m_Space: 2147483647
  m_Property:
    name: z
    m_serializedType:
      m_SerializableType: System.Single, mscorlib, Version=4.0.0.0, Culture=neutral,
        PublicKeyToken=b77a5c561934e089
  m_Direction: 0
  m_LinkedSlots: []
--- !u!114 &114571176826476282
MonoBehaviour:
  m_ObjectHideFlags: 1
  m_CorrespondingSourceObject: {fileID: 0}
  m_PrefabInstance: {fileID: 0}
  m_PrefabAsset: {fileID: 0}
  m_GameObject: {fileID: 0}
  m_Enabled: 1
  m_EditorHideFlags: 0
  m_Script: {fileID: 11500000, guid: f780aa281814f9842a7c076d436932e7, type: 3}
  m_Name: VFXSlotFloat
  m_EditorClassIdentifier: 
  m_UIIgnoredErrors: []
  m_Parent: {fileID: 0}
  m_Children: []
  m_UIPosition: {x: 0, y: 0}
  m_UICollapsed: 1
  m_UISuperCollapsed: 0
  m_MasterSlot: {fileID: 114571176826476282}
  m_MasterData:
    m_Owner: {fileID: 114873264888500148}
    m_Value:
      m_Type:
        m_SerializableType: System.Single, mscorlib, Version=4.0.0.0, Culture=neutral,
          PublicKeyToken=b77a5c561934e089
      m_SerializableObject: 2000
    m_Space: 2147483647
  m_Property:
    name: Rate
    m_serializedType:
      m_SerializableType: System.Single, mscorlib, Version=4.0.0.0, Culture=neutral,
        PublicKeyToken=b77a5c561934e089
  m_Direction: 0
  m_LinkedSlots: []
--- !u!114 &114580989189733782
MonoBehaviour:
  m_ObjectHideFlags: 1
  m_CorrespondingSourceObject: {fileID: 0}
  m_PrefabInstance: {fileID: 0}
  m_PrefabAsset: {fileID: 0}
  m_GameObject: {fileID: 0}
  m_Enabled: 1
  m_EditorHideFlags: 0
  m_Script: {fileID: 11500000, guid: d16c6aeaef944094b9a1633041804207, type: 3}
  m_Name: Orient
  m_EditorClassIdentifier: 
  m_UIIgnoredErrors: []
  m_Parent: {fileID: 114063133802684794}
  m_Children: []
  m_UIPosition: {x: 0, y: 0}
  m_UICollapsed: 0
  m_UISuperCollapsed: 0
  m_InputSlots: []
  m_OutputSlots: []
  m_Disabled: 0
  m_ActivationSlot: {fileID: 8926484042661614680}
  mode: 6
  axes: 4
--- !u!114 &114596491906001080
MonoBehaviour:
  m_ObjectHideFlags: 1
  m_CorrespondingSourceObject: {fileID: 0}
  m_PrefabInstance: {fileID: 0}
  m_PrefabAsset: {fileID: 0}
  m_GameObject: {fileID: 0}
  m_Enabled: 1
  m_EditorHideFlags: 0
  m_Script: {fileID: 11500000, guid: 956b68870e880b144bab17e5aa6e7e94, type: 3}
  m_Name: ColorOverLife
  m_EditorClassIdentifier: 
  m_UIIgnoredErrors: []
  m_Parent: {fileID: 114063133802684794}
  m_Children: []
  m_UIPosition: {x: 0, y: 0}
  m_UICollapsed: 0
  m_UISuperCollapsed: 0
  m_InputSlots:
  - {fileID: 114888496708539098}
  m_OutputSlots: []
  m_Disabled: 0
  m_ActivationSlot: {fileID: 8926484042661614681}
  mode: 3
  ColorComposition: 2
  AlphaComposition: 2
--- !u!114 &114739294351936256
MonoBehaviour:
  m_ObjectHideFlags: 1
  m_CorrespondingSourceObject: {fileID: 0}
  m_PrefabInstance: {fileID: 0}
  m_PrefabAsset: {fileID: 0}
  m_GameObject: {fileID: 0}
  m_Enabled: 1
  m_EditorHideFlags: 0
  m_Script: {fileID: 11500000, guid: f780aa281814f9842a7c076d436932e7, type: 3}
  m_Name: VFXSlotFloat
  m_EditorClassIdentifier: 
  m_UIIgnoredErrors: []
  m_Parent: {fileID: 114986932069951040}
  m_Children: []
  m_UIPosition: {x: 0, y: 0}
  m_UICollapsed: 1
  m_UISuperCollapsed: 0
  m_MasterSlot: {fileID: 114307113894698210}
  m_MasterData:
    m_Owner: {fileID: 0}
    m_Value:
      m_Type:
        m_SerializableType: 
      m_SerializableObject: 
    m_Space: 2147483647
  m_Property:
    name: x
    m_serializedType:
      m_SerializableType: System.Single, mscorlib, Version=4.0.0.0, Culture=neutral,
        PublicKeyToken=b77a5c561934e089
  m_Direction: 0
  m_LinkedSlots: []
--- !u!114 &114780028408030698
MonoBehaviour:
  m_ObjectHideFlags: 1
  m_CorrespondingSourceObject: {fileID: 0}
  m_PrefabInstance: {fileID: 0}
  m_PrefabAsset: {fileID: 0}
  m_GameObject: {fileID: 0}
  m_Enabled: 1
  m_EditorHideFlags: 0
  m_Script: {fileID: 11500000, guid: 2dc095764ededfa4bb32fa602511ea4b, type: 3}
  m_Name: VFXBasicUpdate
  m_EditorClassIdentifier: 
  m_UIIgnoredErrors: []
  m_Parent: {fileID: 114350483966674976}
  m_Children: []
  m_UIPosition: {x: 708, y: 640}
  m_UICollapsed: 0
  m_UISuperCollapsed: 0
  m_InputSlots: []
  m_OutputSlots: []
  m_Label: 
  m_Data: {fileID: 114428730288789306}
  m_InputFlowSlot:
  - link:
    - context: {fileID: 114946465509916290}
      slotIndex: 0
  m_OutputFlowSlot:
  - link:
    - context: {fileID: 114063133802684794}
      slotIndex: 0
  integration: 0
  angularIntegration: 0
  ageParticles: 1
  reapParticles: 1
  skipZeroDeltaUpdate: 0
--- !u!114 &114873264888500148
MonoBehaviour:
  m_ObjectHideFlags: 1
  m_CorrespondingSourceObject: {fileID: 0}
  m_PrefabInstance: {fileID: 0}
  m_PrefabAsset: {fileID: 0}
  m_GameObject: {fileID: 0}
  m_Enabled: 1
  m_EditorHideFlags: 0
  m_Script: {fileID: 11500000, guid: f05c6884b705ce14d82ae720f0ec209f, type: 3}
  m_Name: VFXSpawnerConstantRate
  m_EditorClassIdentifier: 
  m_UIIgnoredErrors: []
  m_Parent: {fileID: 114023846229194376}
  m_Children: []
  m_UIPosition: {x: 0, y: 0}
  m_UICollapsed: 0
  m_UISuperCollapsed: 0
  m_InputSlots:
  - {fileID: 114571176826476282}
  m_OutputSlots: []
  m_Disabled: 0
  m_ActivationSlot: {fileID: 8926484042661614676}
--- !u!114 &114888496708539098
MonoBehaviour:
  m_ObjectHideFlags: 1
  m_CorrespondingSourceObject: {fileID: 0}
  m_PrefabInstance: {fileID: 0}
  m_PrefabAsset: {fileID: 0}
  m_GameObject: {fileID: 0}
  m_Enabled: 1
  m_EditorHideFlags: 0
  m_Script: {fileID: 11500000, guid: 76f778ff57c4e8145b9681fe3268d8e9, type: 3}
  m_Name: VFXSlotGradient
  m_EditorClassIdentifier: 
  m_UIIgnoredErrors: []
  m_Parent: {fileID: 0}
  m_Children: []
  m_UIPosition: {x: 0, y: 0}
  m_UICollapsed: 1
  m_UISuperCollapsed: 0
  m_MasterSlot: {fileID: 114888496708539098}
  m_MasterData:
    m_Owner: {fileID: 114596491906001080}
    m_Value:
      m_Type:
        m_SerializableType: UnityEngine.Gradient, UnityEngine.CoreModule, Version=0.0.0.0,
          Culture=neutral, PublicKeyToken=null
      m_SerializableObject: '{"colorKeys":[{"color":{"r":1.0,"g":0.0,"b":0.0036323245149105789,"a":1.0},"time":0.0},{"color":{"r":1.0,"g":0.0,"b":0.0036323245149105789,"a":1.0},"time":1.0}],"alphaKeys":[{"alpha":0.0,"time":0.0},{"alpha":1.0,"time":1.0}],"gradientMode":0}'
    m_Space: 2147483647
  m_Property:
    name: gradient
    m_serializedType:
      m_SerializableType: UnityEngine.Gradient, UnityEngine.CoreModule, Version=0.0.0.0,
        Culture=neutral, PublicKeyToken=null
  m_Direction: 0
  m_LinkedSlots: []
--- !u!114 &114920711487922656
MonoBehaviour:
  m_ObjectHideFlags: 1
  m_CorrespondingSourceObject: {fileID: 0}
  m_PrefabInstance: {fileID: 0}
  m_PrefabAsset: {fileID: 0}
  m_GameObject: {fileID: 0}
  m_Enabled: 1
  m_EditorHideFlags: 0
  m_Script: {fileID: 11500000, guid: f780aa281814f9842a7c076d436932e7, type: 3}
  m_Name: VFXSlotFloat
  m_EditorClassIdentifier: 
  m_UIIgnoredErrors: []
  m_Parent: {fileID: 114963171269329408}
  m_Children: []
  m_UIPosition: {x: 0, y: 0}
  m_UICollapsed: 1
  m_UISuperCollapsed: 0
  m_MasterSlot: {fileID: 114307113894698210}
  m_MasterData:
    m_Owner: {fileID: 0}
    m_Value:
      m_Type:
        m_SerializableType: 
      m_SerializableObject: 
    m_Space: 2147483647
  m_Property:
    name: y
    m_serializedType:
      m_SerializableType: System.Single, mscorlib, Version=4.0.0.0, Culture=neutral,
        PublicKeyToken=b77a5c561934e089
  m_Direction: 0
  m_LinkedSlots: []
--- !u!114 &114935892456706286
MonoBehaviour:
  m_ObjectHideFlags: 1
  m_CorrespondingSourceObject: {fileID: 0}
  m_PrefabInstance: {fileID: 0}
  m_PrefabAsset: {fileID: 0}
  m_GameObject: {fileID: 0}
  m_Enabled: 1
  m_EditorHideFlags: 0
  m_Script: {fileID: 11500000, guid: f780aa281814f9842a7c076d436932e7, type: 3}
  m_Name: VFXSlotFloat
  m_EditorClassIdentifier: 
  m_UIIgnoredErrors: []
  m_Parent: {fileID: 114986932069951040}
  m_Children: []
  m_UIPosition: {x: 0, y: 0}
  m_UICollapsed: 1
  m_UISuperCollapsed: 0
  m_MasterSlot: {fileID: 114307113894698210}
  m_MasterData:
    m_Owner: {fileID: 0}
    m_Value:
      m_Type:
        m_SerializableType: 
      m_SerializableObject: 
    m_Space: 2147483647
  m_Property:
    name: y
    m_serializedType:
      m_SerializableType: System.Single, mscorlib, Version=4.0.0.0, Culture=neutral,
        PublicKeyToken=b77a5c561934e089
  m_Direction: 0
  m_LinkedSlots: []
--- !u!114 &114946465509916290
MonoBehaviour:
  m_ObjectHideFlags: 1
  m_CorrespondingSourceObject: {fileID: 0}
  m_PrefabInstance: {fileID: 0}
  m_PrefabAsset: {fileID: 0}
  m_GameObject: {fileID: 0}
  m_Enabled: 1
  m_EditorHideFlags: 0
  m_Script: {fileID: 11500000, guid: 9dfea48843f53fc438eabc12a3a30abc, type: 3}
  m_Name: VFXBasicInitialize
  m_EditorClassIdentifier: 
  m_UIIgnoredErrors: []
  m_Parent: {fileID: 114350483966674976}
  m_Children:
  - {fileID: 8926484042661614553}
  - {fileID: 8926484042661614669}
  - {fileID: 8926484042661614641}
  m_UIPosition: {x: 708, y: 57}
  m_UICollapsed: 0
  m_UISuperCollapsed: 0
  m_InputSlots:
  - {fileID: 114307113894698210}
  m_OutputSlots: []
  m_Label: 
  m_Data: {fileID: 114428730288789306}
  m_InputFlowSlot:
  - link:
    - context: {fileID: 114023846229194376}
      slotIndex: 0
  m_OutputFlowSlot:
  - link:
    - context: {fileID: 114780028408030698}
      slotIndex: 0
--- !u!114 &114963171269329408
MonoBehaviour:
  m_ObjectHideFlags: 1
  m_CorrespondingSourceObject: {fileID: 0}
  m_PrefabInstance: {fileID: 0}
  m_PrefabAsset: {fileID: 0}
  m_GameObject: {fileID: 0}
  m_Enabled: 1
  m_EditorHideFlags: 0
  m_Script: {fileID: 11500000, guid: ac39bd03fca81b849929b9c966f1836a, type: 3}
  m_Name: VFXSlotFloat3
  m_EditorClassIdentifier: 
  m_UIIgnoredErrors: []
  m_Parent: {fileID: 114307113894698210}
  m_Children:
  - {fileID: 114512514798047786}
  - {fileID: 114920711487922656}
  - {fileID: 114380859405582094}
  m_UIPosition: {x: 0, y: 0}
  m_UICollapsed: 1
  m_UISuperCollapsed: 0
  m_MasterSlot: {fileID: 114307113894698210}
  m_MasterData:
    m_Owner: {fileID: 0}
    m_Value:
      m_Type:
        m_SerializableType: 
      m_SerializableObject: 
    m_Space: 2147483647
  m_Property:
    name: size
    m_serializedType:
      m_SerializableType: UnityEngine.Vector3, UnityEngine.CoreModule, Version=0.0.0.0,
        Culture=neutral, PublicKeyToken=null
  m_Direction: 0
  m_LinkedSlots: []
--- !u!114 &114986932069951040
MonoBehaviour:
  m_ObjectHideFlags: 1
  m_CorrespondingSourceObject: {fileID: 0}
  m_PrefabInstance: {fileID: 0}
  m_PrefabAsset: {fileID: 0}
  m_GameObject: {fileID: 0}
  m_Enabled: 1
  m_EditorHideFlags: 0
  m_Script: {fileID: 11500000, guid: ac39bd03fca81b849929b9c966f1836a, type: 3}
  m_Name: VFXSlotFloat3
  m_EditorClassIdentifier: 
  m_UIIgnoredErrors: []
  m_Parent: {fileID: 114307113894698210}
  m_Children:
  - {fileID: 114739294351936256}
  - {fileID: 114935892456706286}
  - {fileID: 114538391275492396}
  m_UIPosition: {x: 0, y: 0}
  m_UICollapsed: 1
  m_UISuperCollapsed: 0
  m_MasterSlot: {fileID: 114307113894698210}
  m_MasterData:
    m_Owner: {fileID: 0}
    m_Value:
      m_Type:
        m_SerializableType: 
      m_SerializableObject: 
    m_Space: 2147483647
  m_Property:
    name: center
    m_serializedType:
      m_SerializableType: UnityEngine.Vector3, UnityEngine.CoreModule, Version=0.0.0.0,
        Culture=neutral, PublicKeyToken=null
  m_Direction: 0
  m_LinkedSlots: []
--- !u!2058629511 &8926484042661614527
VisualEffectResource:
  m_ObjectHideFlags: 0
  m_CorrespondingSourceObject: {fileID: 0}
  m_PrefabInstance: {fileID: 0}
  m_PrefabAsset: {fileID: 0}
  m_Name: Laser
  m_Graph: {fileID: 114350483966674976}
  m_Infos:
    m_RendererSettings:
      motionVectorGenerationMode: 0
      shadowCastingMode: 0
      receiveShadows: 0
      reflectionProbeUsage: 0
      lightProbeUsage: 0
    m_CullingFlags: 3
    m_UpdateMode: 0
    m_PreWarmDeltaTime: 0.05
    m_PreWarmStepCount: 0
    m_InitialEventName: OnPlay
    m_InstancingMode: -1
    m_InstancingCapacity: 64
--- !u!114 &8926484042661614540
MonoBehaviour:
  m_ObjectHideFlags: 0
  m_CorrespondingSourceObject: {fileID: 0}
  m_PrefabInstance: {fileID: 0}
  m_PrefabAsset: {fileID: 0}
  m_GameObject: {fileID: 0}
  m_Enabled: 1
  m_EditorHideFlags: 0
  m_Script: {fileID: 11500000, guid: 081ffb0090424ba4cb05370a42ead6b9, type: 3}
  m_Name: 
  m_EditorClassIdentifier: 
--- !u!114 &8926484042661614553
MonoBehaviour:
  m_ObjectHideFlags: 0
  m_CorrespondingSourceObject: {fileID: 0}
  m_PrefabInstance: {fileID: 0}
  m_PrefabAsset: {fileID: 0}
  m_GameObject: {fileID: 0}
  m_Enabled: 1
  m_EditorHideFlags: 0
  m_Script: {fileID: 11500000, guid: a971fa2e110a0ac42ac1d8dae408704b, type: 3}
  m_Name: 
  m_EditorClassIdentifier: 
  m_UIIgnoredErrors: []
  m_Parent: {fileID: 114946465509916290}
  m_Children: []
  m_UIPosition: {x: 0, y: 0}
  m_UICollapsed: 0
  m_UISuperCollapsed: 0
  m_InputSlots:
  - {fileID: 8926484042661614554}
  m_OutputSlots: []
  m_Disabled: 0
  m_ActivationSlot: {fileID: 8926484042661614677}
  attribute: lifetime
  Composition: 0
  Source: 0
  Random: 0
  channels: 6
--- !u!114 &8926484042661614554
MonoBehaviour:
  m_ObjectHideFlags: 0
  m_CorrespondingSourceObject: {fileID: 0}
  m_PrefabInstance: {fileID: 0}
  m_PrefabAsset: {fileID: 0}
  m_GameObject: {fileID: 0}
  m_Enabled: 1
  m_EditorHideFlags: 0
  m_Script: {fileID: 11500000, guid: f780aa281814f9842a7c076d436932e7, type: 3}
  m_Name: 
  m_EditorClassIdentifier: 
  m_UIIgnoredErrors: []
  m_Parent: {fileID: 0}
  m_Children: []
  m_UIPosition: {x: 0, y: 0}
  m_UICollapsed: 1
  m_UISuperCollapsed: 0
  m_MasterSlot: {fileID: 8926484042661614554}
  m_MasterData:
    m_Owner: {fileID: 8926484042661614553}
    m_Value:
      m_Type:
        m_SerializableType: System.Single, mscorlib, Version=4.0.0.0, Culture=neutral,
          PublicKeyToken=b77a5c561934e089
      m_SerializableObject: 10
    m_Space: 2147483647
  m_Property:
    name: Lifetime
    m_serializedType:
      m_SerializableType: System.Single, mscorlib, Version=4.0.0.0, Culture=neutral,
        PublicKeyToken=b77a5c561934e089
  m_Direction: 0
  m_LinkedSlots: []
--- !u!114 &8926484042661614561
MonoBehaviour:
  m_ObjectHideFlags: 0
  m_CorrespondingSourceObject: {fileID: 0}
  m_PrefabInstance: {fileID: 0}
  m_PrefabAsset: {fileID: 0}
  m_GameObject: {fileID: 0}
  m_Enabled: 1
  m_EditorHideFlags: 0
  m_Script: {fileID: 11500000, guid: a971fa2e110a0ac42ac1d8dae408704b, type: 3}
  m_Name: 
  m_EditorClassIdentifier: 
  m_UIIgnoredErrors: []
  m_Parent: {fileID: 114063133802684794}
  m_Children: []
  m_UIPosition: {x: 0, y: 0}
  m_UICollapsed: 0
  m_UISuperCollapsed: 0
  m_InputSlots:
  - {fileID: 8926484042661614562}
  m_OutputSlots: []
  m_Disabled: 0
  m_ActivationSlot: {fileID: 8926484042661614682}
  attribute: size
  Composition: 0
  Source: 0
  Random: 0
  channels: 6
--- !u!114 &8926484042661614562
MonoBehaviour:
  m_ObjectHideFlags: 0
  m_CorrespondingSourceObject: {fileID: 0}
  m_PrefabInstance: {fileID: 0}
  m_PrefabAsset: {fileID: 0}
  m_GameObject: {fileID: 0}
  m_Enabled: 1
  m_EditorHideFlags: 0
  m_Script: {fileID: 11500000, guid: f780aa281814f9842a7c076d436932e7, type: 3}
  m_Name: 
  m_EditorClassIdentifier: 
  m_UIIgnoredErrors: []
  m_Parent: {fileID: 0}
  m_Children: []
  m_UIPosition: {x: 0, y: 0}
  m_UICollapsed: 1
  m_UISuperCollapsed: 0
  m_MasterSlot: {fileID: 8926484042661614562}
  m_MasterData:
    m_Owner: {fileID: 8926484042661614561}
    m_Value:
      m_Type:
        m_SerializableType: System.Single, mscorlib, Version=4.0.0.0, Culture=neutral,
          PublicKeyToken=b77a5c561934e089
      m_SerializableObject: 1
    m_Space: 2147483647
  m_Property:
    name: Size
    m_serializedType:
      m_SerializableType: System.Single, mscorlib, Version=4.0.0.0, Culture=neutral,
        PublicKeyToken=b77a5c561934e089
  m_Direction: 0
  m_LinkedSlots: []
--- !u!114 &8926484042661614589
MonoBehaviour:
  m_ObjectHideFlags: 0
  m_CorrespondingSourceObject: {fileID: 0}
  m_PrefabInstance: {fileID: 0}
  m_PrefabAsset: {fileID: 0}
  m_GameObject: {fileID: 0}
  m_Enabled: 1
  m_EditorHideFlags: 0
  m_Script: {fileID: 11500000, guid: a971fa2e110a0ac42ac1d8dae408704b, type: 3}
  m_Name: 
  m_EditorClassIdentifier: 
  m_UIIgnoredErrors: []
  m_Parent: {fileID: 114063133802684794}
  m_Children: []
  m_UIPosition: {x: 0, y: 0}
  m_UICollapsed: 0
  m_UISuperCollapsed: 0
  m_InputSlots:
  - {fileID: 8926484042661614590}
  m_OutputSlots: []
  m_Disabled: 0
  m_ActivationSlot: {fileID: 8926484042661614683}
  attribute: scale
  Composition: 0
  Source: 0
  Random: 0
  channels: 6
--- !u!114 &8926484042661614590
MonoBehaviour:
  m_ObjectHideFlags: 0
  m_CorrespondingSourceObject: {fileID: 0}
  m_PrefabInstance: {fileID: 0}
  m_PrefabAsset: {fileID: 0}
  m_GameObject: {fileID: 0}
  m_Enabled: 1
  m_EditorHideFlags: 0
  m_Script: {fileID: 11500000, guid: ac39bd03fca81b849929b9c966f1836a, type: 3}
  m_Name: 
  m_EditorClassIdentifier: 
  m_UIIgnoredErrors: []
  m_Parent: {fileID: 0}
  m_Children:
  - {fileID: 8926484042661614591}
  - {fileID: 8926484042661614592}
  - {fileID: 8926484042661614593}
  m_UIPosition: {x: 0, y: 0}
  m_UICollapsed: 1
  m_UISuperCollapsed: 0
  m_MasterSlot: {fileID: 8926484042661614590}
  m_MasterData:
    m_Owner: {fileID: 8926484042661614589}
    m_Value:
      m_Type:
        m_SerializableType: UnityEngine.Vector3, UnityEngine.CoreModule, Version=0.0.0.0,
          Culture=neutral, PublicKeyToken=null
      m_SerializableObject: '{"x":0.10000000149011612,"y":2.0,"z":1.0}'
    m_Space: 2147483647
  m_Property:
    name: Scale
    m_serializedType:
      m_SerializableType: UnityEngine.Vector3, UnityEngine.CoreModule, Version=0.0.0.0,
        Culture=neutral, PublicKeyToken=null
  m_Direction: 0
  m_LinkedSlots: []
--- !u!114 &8926484042661614591
MonoBehaviour:
  m_ObjectHideFlags: 0
  m_CorrespondingSourceObject: {fileID: 0}
  m_PrefabInstance: {fileID: 0}
  m_PrefabAsset: {fileID: 0}
  m_GameObject: {fileID: 0}
  m_Enabled: 1
  m_EditorHideFlags: 0
  m_Script: {fileID: 11500000, guid: f780aa281814f9842a7c076d436932e7, type: 3}
  m_Name: 
  m_EditorClassIdentifier: 
  m_UIIgnoredErrors: []
  m_Parent: {fileID: 8926484042661614590}
  m_Children: []
  m_UIPosition: {x: 0, y: 0}
  m_UICollapsed: 1
  m_UISuperCollapsed: 0
  m_MasterSlot: {fileID: 8926484042661614590}
  m_MasterData:
    m_Owner: {fileID: 0}
    m_Value:
      m_Type:
        m_SerializableType: 
      m_SerializableObject: 
    m_Space: 2147483647
  m_Property:
    name: x
    m_serializedType:
      m_SerializableType: System.Single, mscorlib, Version=4.0.0.0, Culture=neutral,
        PublicKeyToken=b77a5c561934e089
  m_Direction: 0
  m_LinkedSlots: []
--- !u!114 &8926484042661614592
MonoBehaviour:
  m_ObjectHideFlags: 0
  m_CorrespondingSourceObject: {fileID: 0}
  m_PrefabInstance: {fileID: 0}
  m_PrefabAsset: {fileID: 0}
  m_GameObject: {fileID: 0}
  m_Enabled: 1
  m_EditorHideFlags: 0
  m_Script: {fileID: 11500000, guid: f780aa281814f9842a7c076d436932e7, type: 3}
  m_Name: 
  m_EditorClassIdentifier: 
  m_UIIgnoredErrors: []
  m_Parent: {fileID: 8926484042661614590}
  m_Children: []
  m_UIPosition: {x: 0, y: 0}
  m_UICollapsed: 1
  m_UISuperCollapsed: 0
  m_MasterSlot: {fileID: 8926484042661614590}
  m_MasterData:
    m_Owner: {fileID: 0}
    m_Value:
      m_Type:
        m_SerializableType: 
      m_SerializableObject: 
    m_Space: 2147483647
  m_Property:
    name: y
    m_serializedType:
      m_SerializableType: System.Single, mscorlib, Version=4.0.0.0, Culture=neutral,
        PublicKeyToken=b77a5c561934e089
  m_Direction: 0
  m_LinkedSlots: []
--- !u!114 &8926484042661614593
MonoBehaviour:
  m_ObjectHideFlags: 0
  m_CorrespondingSourceObject: {fileID: 0}
  m_PrefabInstance: {fileID: 0}
  m_PrefabAsset: {fileID: 0}
  m_GameObject: {fileID: 0}
  m_Enabled: 1
  m_EditorHideFlags: 0
  m_Script: {fileID: 11500000, guid: f780aa281814f9842a7c076d436932e7, type: 3}
  m_Name: 
  m_EditorClassIdentifier: 
  m_UIIgnoredErrors: []
  m_Parent: {fileID: 8926484042661614590}
  m_Children: []
  m_UIPosition: {x: 0, y: 0}
  m_UICollapsed: 1
  m_UISuperCollapsed: 0
  m_MasterSlot: {fileID: 8926484042661614590}
  m_MasterData:
    m_Owner: {fileID: 0}
    m_Value:
      m_Type:
        m_SerializableType: 
      m_SerializableObject: 
    m_Space: 2147483647
  m_Property:
    name: z
    m_serializedType:
      m_SerializableType: System.Single, mscorlib, Version=4.0.0.0, Culture=neutral,
        PublicKeyToken=b77a5c561934e089
  m_Direction: 0
  m_LinkedSlots: []
--- !u!114 &8926484042661614641
MonoBehaviour:
  m_ObjectHideFlags: 0
  m_CorrespondingSourceObject: {fileID: 0}
  m_PrefabInstance: {fileID: 0}
  m_PrefabAsset: {fileID: 0}
  m_GameObject: {fileID: 0}
  m_Enabled: 1
  m_EditorHideFlags: 0
  m_Script: {fileID: 11500000, guid: a971fa2e110a0ac42ac1d8dae408704b, type: 3}
  m_Name: 
  m_EditorClassIdentifier: 
  m_UIIgnoredErrors: []
  m_Parent: {fileID: 114946465509916290}
  m_Children: []
  m_UIPosition: {x: 0, y: 0}
  m_UICollapsed: 0
  m_UISuperCollapsed: 0
  m_InputSlots:
  - {fileID: 8926484042661614642}
  m_OutputSlots: []
  m_Disabled: 0
  m_ActivationSlot: {fileID: 8926484042661614679}
  attribute: position
  Composition: 0
  Source: 0
  Random: 0
  channels: 6
--- !u!114 &8926484042661614642
MonoBehaviour:
  m_ObjectHideFlags: 0
  m_CorrespondingSourceObject: {fileID: 0}
  m_PrefabInstance: {fileID: 0}
  m_PrefabAsset: {fileID: 0}
  m_GameObject: {fileID: 0}
  m_Enabled: 1
  m_EditorHideFlags: 0
  m_Script: {fileID: 11500000, guid: 5265657162cc1a241bba03a3b0476d99, type: 3}
  m_Name: 
  m_EditorClassIdentifier: 
  m_UIIgnoredErrors: []
  m_Parent: {fileID: 0}
  m_Children:
  - {fileID: 8926484042661614643}
  m_UIPosition: {x: 0, y: 0}
  m_UICollapsed: 1
  m_UISuperCollapsed: 0
  m_MasterSlot: {fileID: 8926484042661614642}
  m_MasterData:
    m_Owner: {fileID: 8926484042661614641}
    m_Value:
      m_Type:
        m_SerializableType: UnityEditor.VFX.Position, Unity.VisualEffectGraph.Editor,
          Version=0.0.0.0, Culture=neutral, PublicKeyToken=null
      m_SerializableObject: '{"position":{"x":0.0,"y":0.0,"z":0.0}}'
    m_Space: 0
  m_Property:
    name: Position
    m_serializedType:
      m_SerializableType: UnityEditor.VFX.Position, Unity.VisualEffectGraph.Editor,
        Version=0.0.0.0, Culture=neutral, PublicKeyToken=null
  m_Direction: 0
  m_LinkedSlots: []
--- !u!114 &8926484042661614643
MonoBehaviour:
  m_ObjectHideFlags: 0
  m_CorrespondingSourceObject: {fileID: 0}
  m_PrefabInstance: {fileID: 0}
  m_PrefabAsset: {fileID: 0}
  m_GameObject: {fileID: 0}
  m_Enabled: 1
  m_EditorHideFlags: 0
  m_Script: {fileID: 11500000, guid: ac39bd03fca81b849929b9c966f1836a, type: 3}
  m_Name: 
  m_EditorClassIdentifier: 
  m_UIIgnoredErrors: []
  m_Parent: {fileID: 8926484042661614642}
  m_Children:
  - {fileID: 8926484042661614644}
  - {fileID: 8926484042661614645}
  - {fileID: 8926484042661614646}
  m_UIPosition: {x: 0, y: 0}
  m_UICollapsed: 1
  m_UISuperCollapsed: 0
  m_MasterSlot: {fileID: 8926484042661614642}
  m_MasterData:
    m_Owner: {fileID: 0}
    m_Value:
      m_Type:
        m_SerializableType: 
      m_SerializableObject: 
    m_Space: 2147483647
  m_Property:
    name: position
    m_serializedType:
      m_SerializableType: UnityEngine.Vector3, UnityEngine.CoreModule, Version=0.0.0.0,
        Culture=neutral, PublicKeyToken=null
  m_Direction: 0
  m_LinkedSlots: []
--- !u!114 &8926484042661614644
MonoBehaviour:
  m_ObjectHideFlags: 0
  m_CorrespondingSourceObject: {fileID: 0}
  m_PrefabInstance: {fileID: 0}
  m_PrefabAsset: {fileID: 0}
  m_GameObject: {fileID: 0}
  m_Enabled: 1
  m_EditorHideFlags: 0
  m_Script: {fileID: 11500000, guid: f780aa281814f9842a7c076d436932e7, type: 3}
  m_Name: 
  m_EditorClassIdentifier: 
  m_UIIgnoredErrors: []
  m_Parent: {fileID: 8926484042661614643}
  m_Children: []
  m_UIPosition: {x: 0, y: 0}
  m_UICollapsed: 1
  m_UISuperCollapsed: 0
  m_MasterSlot: {fileID: 8926484042661614642}
  m_MasterData:
    m_Owner: {fileID: 0}
    m_Value:
      m_Type:
        m_SerializableType: 
      m_SerializableObject: 
    m_Space: 2147483647
  m_Property:
    name: x
    m_serializedType:
      m_SerializableType: System.Single, mscorlib, Version=4.0.0.0, Culture=neutral,
        PublicKeyToken=b77a5c561934e089
  m_Direction: 0
  m_LinkedSlots: []
--- !u!114 &8926484042661614645
MonoBehaviour:
  m_ObjectHideFlags: 0
  m_CorrespondingSourceObject: {fileID: 0}
  m_PrefabInstance: {fileID: 0}
  m_PrefabAsset: {fileID: 0}
  m_GameObject: {fileID: 0}
  m_Enabled: 1
  m_EditorHideFlags: 0
  m_Script: {fileID: 11500000, guid: f780aa281814f9842a7c076d436932e7, type: 3}
  m_Name: 
  m_EditorClassIdentifier: 
  m_UIIgnoredErrors: []
  m_Parent: {fileID: 8926484042661614643}
  m_Children: []
  m_UIPosition: {x: 0, y: 0}
  m_UICollapsed: 1
  m_UISuperCollapsed: 0
  m_MasterSlot: {fileID: 8926484042661614642}
  m_MasterData:
    m_Owner: {fileID: 0}
    m_Value:
      m_Type:
        m_SerializableType: 
      m_SerializableObject: 
    m_Space: 2147483647
  m_Property:
    name: y
    m_serializedType:
      m_SerializableType: System.Single, mscorlib, Version=4.0.0.0, Culture=neutral,
        PublicKeyToken=b77a5c561934e089
  m_Direction: 0
  m_LinkedSlots: []
--- !u!114 &8926484042661614646
MonoBehaviour:
  m_ObjectHideFlags: 0
  m_CorrespondingSourceObject: {fileID: 0}
  m_PrefabInstance: {fileID: 0}
  m_PrefabAsset: {fileID: 0}
  m_GameObject: {fileID: 0}
  m_Enabled: 1
  m_EditorHideFlags: 0
  m_Script: {fileID: 11500000, guid: f780aa281814f9842a7c076d436932e7, type: 3}
  m_Name: 
  m_EditorClassIdentifier: 
  m_UIIgnoredErrors: []
  m_Parent: {fileID: 8926484042661614643}
  m_Children: []
  m_UIPosition: {x: 0, y: 0}
  m_UICollapsed: 1
  m_UISuperCollapsed: 0
  m_MasterSlot: {fileID: 8926484042661614642}
  m_MasterData:
    m_Owner: {fileID: 0}
    m_Value:
      m_Type:
        m_SerializableType: 
      m_SerializableObject: 
    m_Space: 2147483647
  m_Property:
    name: z
    m_serializedType:
      m_SerializableType: System.Single, mscorlib, Version=4.0.0.0, Culture=neutral,
        PublicKeyToken=b77a5c561934e089
  m_Direction: 0
  m_LinkedSlots: []
--- !u!114 &8926484042661614669
MonoBehaviour:
  m_ObjectHideFlags: 0
  m_CorrespondingSourceObject: {fileID: 0}
  m_PrefabInstance: {fileID: 0}
  m_PrefabAsset: {fileID: 0}
  m_GameObject: {fileID: 0}
  m_Enabled: 1
  m_EditorHideFlags: 0
  m_Script: {fileID: 11500000, guid: a971fa2e110a0ac42ac1d8dae408704b, type: 3}
  m_Name: 
  m_EditorClassIdentifier: 
  m_UIIgnoredErrors: []
  m_Parent: {fileID: 114946465509916290}
  m_Children: []
  m_UIPosition: {x: 0, y: 0}
  m_UICollapsed: 0
  m_UISuperCollapsed: 0
  m_InputSlots:
  - {fileID: 8926484042661614670}
  m_OutputSlots: []
  m_Disabled: 0
  m_ActivationSlot: {fileID: 8926484042661614678}
  attribute: velocity
  Composition: 0
  Source: 0
  Random: 0
  channels: 6
--- !u!114 &8926484042661614670
MonoBehaviour:
  m_ObjectHideFlags: 0
  m_CorrespondingSourceObject: {fileID: 0}
  m_PrefabInstance: {fileID: 0}
  m_PrefabAsset: {fileID: 0}
  m_GameObject: {fileID: 0}
  m_Enabled: 1
  m_EditorHideFlags: 0
  m_Script: {fileID: 11500000, guid: a9f9544b71b7dab44a4644b6807e8bf6, type: 3}
  m_Name: 
  m_EditorClassIdentifier: 
  m_UIIgnoredErrors: []
  m_Parent: {fileID: 0}
  m_Children:
  - {fileID: 8926484042661614671}
  m_UIPosition: {x: 0, y: 0}
  m_UICollapsed: 1
  m_UISuperCollapsed: 0
  m_MasterSlot: {fileID: 8926484042661614670}
  m_MasterData:
    m_Owner: {fileID: 8926484042661614669}
    m_Value:
      m_Type:
        m_SerializableType: UnityEditor.VFX.Vector, Unity.VisualEffectGraph.Editor,
          Version=0.0.0.0, Culture=neutral, PublicKeyToken=null
      m_SerializableObject: '{"vector":{"x":0.0,"y":0.0,"z":15.0}}'
    m_Space: 0
  m_Property:
    name: Velocity
    m_serializedType:
      m_SerializableType: UnityEditor.VFX.Vector, Unity.VisualEffectGraph.Editor,
        Version=0.0.0.0, Culture=neutral, PublicKeyToken=null
  m_Direction: 0
  m_LinkedSlots: []
--- !u!114 &8926484042661614671
MonoBehaviour:
  m_ObjectHideFlags: 0
  m_CorrespondingSourceObject: {fileID: 0}
  m_PrefabInstance: {fileID: 0}
  m_PrefabAsset: {fileID: 0}
  m_GameObject: {fileID: 0}
  m_Enabled: 1
  m_EditorHideFlags: 0
  m_Script: {fileID: 11500000, guid: ac39bd03fca81b849929b9c966f1836a, type: 3}
  m_Name: 
  m_EditorClassIdentifier: 
  m_UIIgnoredErrors: []
  m_Parent: {fileID: 8926484042661614670}
  m_Children:
  - {fileID: 8926484042661614672}
  - {fileID: 8926484042661614673}
  - {fileID: 8926484042661614674}
  m_UIPosition: {x: 0, y: 0}
  m_UICollapsed: 1
  m_UISuperCollapsed: 0
  m_MasterSlot: {fileID: 8926484042661614670}
  m_MasterData:
    m_Owner: {fileID: 0}
    m_Value:
      m_Type:
        m_SerializableType: 
      m_SerializableObject: 
    m_Space: 2147483647
  m_Property:
    name: vector
    m_serializedType:
      m_SerializableType: UnityEngine.Vector3, UnityEngine.CoreModule, Version=0.0.0.0,
        Culture=neutral, PublicKeyToken=null
  m_Direction: 0
  m_LinkedSlots: []
--- !u!114 &8926484042661614672
MonoBehaviour:
  m_ObjectHideFlags: 0
  m_CorrespondingSourceObject: {fileID: 0}
  m_PrefabInstance: {fileID: 0}
  m_PrefabAsset: {fileID: 0}
  m_GameObject: {fileID: 0}
  m_Enabled: 1
  m_EditorHideFlags: 0
  m_Script: {fileID: 11500000, guid: f780aa281814f9842a7c076d436932e7, type: 3}
  m_Name: 
  m_EditorClassIdentifier: 
  m_UIIgnoredErrors: []
  m_Parent: {fileID: 8926484042661614671}
  m_Children: []
  m_UIPosition: {x: 0, y: 0}
  m_UICollapsed: 1
  m_UISuperCollapsed: 0
  m_MasterSlot: {fileID: 8926484042661614670}
  m_MasterData:
    m_Owner: {fileID: 0}
    m_Value:
      m_Type:
        m_SerializableType: 
      m_SerializableObject: 
    m_Space: 2147483647
  m_Property:
    name: x
    m_serializedType:
      m_SerializableType: System.Single, mscorlib, Version=4.0.0.0, Culture=neutral,
        PublicKeyToken=b77a5c561934e089
  m_Direction: 0
  m_LinkedSlots: []
--- !u!114 &8926484042661614673
MonoBehaviour:
  m_ObjectHideFlags: 0
  m_CorrespondingSourceObject: {fileID: 0}
  m_PrefabInstance: {fileID: 0}
  m_PrefabAsset: {fileID: 0}
  m_GameObject: {fileID: 0}
  m_Enabled: 1
  m_EditorHideFlags: 0
  m_Script: {fileID: 11500000, guid: f780aa281814f9842a7c076d436932e7, type: 3}
  m_Name: 
  m_EditorClassIdentifier: 
  m_UIIgnoredErrors: []
  m_Parent: {fileID: 8926484042661614671}
  m_Children: []
  m_UIPosition: {x: 0, y: 0}
  m_UICollapsed: 1
  m_UISuperCollapsed: 0
  m_MasterSlot: {fileID: 8926484042661614670}
  m_MasterData:
    m_Owner: {fileID: 0}
    m_Value:
      m_Type:
        m_SerializableType: 
      m_SerializableObject: 
    m_Space: 2147483647
  m_Property:
    name: y
    m_serializedType:
      m_SerializableType: System.Single, mscorlib, Version=4.0.0.0, Culture=neutral,
        PublicKeyToken=b77a5c561934e089
  m_Direction: 0
  m_LinkedSlots: []
--- !u!114 &8926484042661614674
MonoBehaviour:
  m_ObjectHideFlags: 0
  m_CorrespondingSourceObject: {fileID: 0}
  m_PrefabInstance: {fileID: 0}
  m_PrefabAsset: {fileID: 0}
  m_GameObject: {fileID: 0}
  m_Enabled: 1
  m_EditorHideFlags: 0
  m_Script: {fileID: 11500000, guid: f780aa281814f9842a7c076d436932e7, type: 3}
  m_Name: 
  m_EditorClassIdentifier: 
  m_UIIgnoredErrors: []
  m_Parent: {fileID: 8926484042661614671}
  m_Children: []
  m_UIPosition: {x: 0, y: 0}
  m_UICollapsed: 1
  m_UISuperCollapsed: 0
  m_MasterSlot: {fileID: 8926484042661614670}
  m_MasterData:
    m_Owner: {fileID: 0}
    m_Value:
      m_Type:
        m_SerializableType: 
      m_SerializableObject: 
    m_Space: 2147483647
  m_Property:
    name: z
    m_serializedType:
      m_SerializableType: System.Single, mscorlib, Version=4.0.0.0, Culture=neutral,
        PublicKeyToken=b77a5c561934e089
  m_Direction: 0
  m_LinkedSlots: []
--- !u!114 &8926484042661614675
MonoBehaviour:
  m_ObjectHideFlags: 0
  m_CorrespondingSourceObject: {fileID: 0}
  m_PrefabInstance: {fileID: 0}
  m_PrefabAsset: {fileID: 0}
  m_GameObject: {fileID: 0}
  m_Enabled: 1
  m_EditorHideFlags: 0
  m_Script: {fileID: 11500000, guid: f68759077adc0b143b6e1c101e82065e, type: 3}
  m_Name: 
  m_EditorClassIdentifier: 
  m_UIIgnoredErrors: []
  m_Parent: {fileID: 114350483966674976}
  m_Children: []
  m_UIPosition: {x: 0, y: 0}
  m_UICollapsed: 1
  m_UISuperCollapsed: 0
  title: 
  m_Owners:
  - {fileID: 114023846229194376}
--- !u!114 &8926484042661614676
MonoBehaviour:
  m_ObjectHideFlags: 0
  m_CorrespondingSourceObject: {fileID: 0}
  m_PrefabInstance: {fileID: 0}
  m_PrefabAsset: {fileID: 0}
  m_GameObject: {fileID: 0}
  m_Enabled: 1
  m_EditorHideFlags: 0
  m_Script: {fileID: 11500000, guid: b4c11ff25089a324daf359f4b0629b33, type: 3}
  m_Name: 
  m_EditorClassIdentifier: 
  m_UIIgnoredErrors: []
  m_Parent: {fileID: 0}
  m_Children: []
  m_UIPosition: {x: 0, y: 0}
  m_UICollapsed: 1
  m_UISuperCollapsed: 0
  m_MasterSlot: {fileID: 8926484042661614676}
  m_MasterData:
    m_Owner: {fileID: 114873264888500148}
    m_Value:
      m_Type:
        m_SerializableType: System.Boolean, mscorlib, Version=4.0.0.0, Culture=neutral,
          PublicKeyToken=b77a5c561934e089
      m_SerializableObject: True
    m_Space: 2147483647
  m_Property:
    name: _vfx_enabled
    m_serializedType:
      m_SerializableType: System.Boolean, mscorlib, Version=4.0.0.0, Culture=neutral,
        PublicKeyToken=b77a5c561934e089
  m_Direction: 0
  m_LinkedSlots: []
--- !u!114 &8926484042661614677
MonoBehaviour:
  m_ObjectHideFlags: 0
  m_CorrespondingSourceObject: {fileID: 0}
  m_PrefabInstance: {fileID: 0}
  m_PrefabAsset: {fileID: 0}
  m_GameObject: {fileID: 0}
  m_Enabled: 1
  m_EditorHideFlags: 0
  m_Script: {fileID: 11500000, guid: b4c11ff25089a324daf359f4b0629b33, type: 3}
  m_Name: 
  m_EditorClassIdentifier: 
  m_UIIgnoredErrors: []
  m_Parent: {fileID: 0}
  m_Children: []
  m_UIPosition: {x: 0, y: 0}
  m_UICollapsed: 1
  m_UISuperCollapsed: 0
  m_MasterSlot: {fileID: 8926484042661614677}
  m_MasterData:
    m_Owner: {fileID: 8926484042661614553}
    m_Value:
      m_Type:
        m_SerializableType: System.Boolean, mscorlib, Version=4.0.0.0, Culture=neutral,
          PublicKeyToken=b77a5c561934e089
      m_SerializableObject: True
    m_Space: 2147483647
  m_Property:
    name: _vfx_enabled
    m_serializedType:
      m_SerializableType: System.Boolean, mscorlib, Version=4.0.0.0, Culture=neutral,
        PublicKeyToken=b77a5c561934e089
  m_Direction: 0
  m_LinkedSlots: []
--- !u!114 &8926484042661614678
MonoBehaviour:
  m_ObjectHideFlags: 0
  m_CorrespondingSourceObject: {fileID: 0}
  m_PrefabInstance: {fileID: 0}
  m_PrefabAsset: {fileID: 0}
  m_GameObject: {fileID: 0}
  m_Enabled: 1
  m_EditorHideFlags: 0
  m_Script: {fileID: 11500000, guid: b4c11ff25089a324daf359f4b0629b33, type: 3}
  m_Name: 
  m_EditorClassIdentifier: 
  m_UIIgnoredErrors: []
  m_Parent: {fileID: 0}
  m_Children: []
  m_UIPosition: {x: 0, y: 0}
  m_UICollapsed: 1
  m_UISuperCollapsed: 0
  m_MasterSlot: {fileID: 8926484042661614678}
  m_MasterData:
    m_Owner: {fileID: 8926484042661614669}
    m_Value:
      m_Type:
        m_SerializableType: System.Boolean, mscorlib, Version=4.0.0.0, Culture=neutral,
          PublicKeyToken=b77a5c561934e089
      m_SerializableObject: True
    m_Space: 2147483647
  m_Property:
    name: _vfx_enabled
    m_serializedType:
      m_SerializableType: System.Boolean, mscorlib, Version=4.0.0.0, Culture=neutral,
        PublicKeyToken=b77a5c561934e089
  m_Direction: 0
  m_LinkedSlots: []
--- !u!114 &8926484042661614679
MonoBehaviour:
  m_ObjectHideFlags: 0
  m_CorrespondingSourceObject: {fileID: 0}
  m_PrefabInstance: {fileID: 0}
  m_PrefabAsset: {fileID: 0}
  m_GameObject: {fileID: 0}
  m_Enabled: 1
  m_EditorHideFlags: 0
  m_Script: {fileID: 11500000, guid: b4c11ff25089a324daf359f4b0629b33, type: 3}
  m_Name: 
  m_EditorClassIdentifier: 
  m_UIIgnoredErrors: []
  m_Parent: {fileID: 0}
  m_Children: []
  m_UIPosition: {x: 0, y: 0}
  m_UICollapsed: 1
  m_UISuperCollapsed: 0
  m_MasterSlot: {fileID: 8926484042661614679}
  m_MasterData:
    m_Owner: {fileID: 8926484042661614641}
    m_Value:
      m_Type:
        m_SerializableType: System.Boolean, mscorlib, Version=4.0.0.0, Culture=neutral,
          PublicKeyToken=b77a5c561934e089
      m_SerializableObject: True
    m_Space: 2147483647
  m_Property:
    name: _vfx_enabled
    m_serializedType:
      m_SerializableType: System.Boolean, mscorlib, Version=4.0.0.0, Culture=neutral,
        PublicKeyToken=b77a5c561934e089
  m_Direction: 0
  m_LinkedSlots: []
--- !u!114 &8926484042661614680
MonoBehaviour:
  m_ObjectHideFlags: 0
  m_CorrespondingSourceObject: {fileID: 0}
  m_PrefabInstance: {fileID: 0}
  m_PrefabAsset: {fileID: 0}
  m_GameObject: {fileID: 0}
  m_Enabled: 1
  m_EditorHideFlags: 0
  m_Script: {fileID: 11500000, guid: b4c11ff25089a324daf359f4b0629b33, type: 3}
  m_Name: 
  m_EditorClassIdentifier: 
  m_UIIgnoredErrors: []
  m_Parent: {fileID: 0}
  m_Children: []
  m_UIPosition: {x: 0, y: 0}
  m_UICollapsed: 1
  m_UISuperCollapsed: 0
  m_MasterSlot: {fileID: 8926484042661614680}
  m_MasterData:
    m_Owner: {fileID: 114580989189733782}
    m_Value:
      m_Type:
        m_SerializableType: System.Boolean, mscorlib, Version=4.0.0.0, Culture=neutral,
          PublicKeyToken=b77a5c561934e089
      m_SerializableObject: True
    m_Space: 2147483647
  m_Property:
    name: _vfx_enabled
    m_serializedType:
      m_SerializableType: System.Boolean, mscorlib, Version=4.0.0.0, Culture=neutral,
        PublicKeyToken=b77a5c561934e089
  m_Direction: 0
  m_LinkedSlots: []
--- !u!114 &8926484042661614681
MonoBehaviour:
  m_ObjectHideFlags: 0
  m_CorrespondingSourceObject: {fileID: 0}
  m_PrefabInstance: {fileID: 0}
  m_PrefabAsset: {fileID: 0}
  m_GameObject: {fileID: 0}
  m_Enabled: 1
  m_EditorHideFlags: 0
  m_Script: {fileID: 11500000, guid: b4c11ff25089a324daf359f4b0629b33, type: 3}
  m_Name: 
  m_EditorClassIdentifier: 
  m_UIIgnoredErrors: []
  m_Parent: {fileID: 0}
  m_Children: []
  m_UIPosition: {x: 0, y: 0}
  m_UICollapsed: 1
  m_UISuperCollapsed: 0
  m_MasterSlot: {fileID: 8926484042661614681}
  m_MasterData:
    m_Owner: {fileID: 114596491906001080}
    m_Value:
      m_Type:
        m_SerializableType: System.Boolean, mscorlib, Version=4.0.0.0, Culture=neutral,
          PublicKeyToken=b77a5c561934e089
      m_SerializableObject: True
    m_Space: 2147483647
  m_Property:
    name: _vfx_enabled
    m_serializedType:
      m_SerializableType: System.Boolean, mscorlib, Version=4.0.0.0, Culture=neutral,
        PublicKeyToken=b77a5c561934e089
  m_Direction: 0
  m_LinkedSlots: []
--- !u!114 &8926484042661614682
MonoBehaviour:
  m_ObjectHideFlags: 0
  m_CorrespondingSourceObject: {fileID: 0}
  m_PrefabInstance: {fileID: 0}
  m_PrefabAsset: {fileID: 0}
  m_GameObject: {fileID: 0}
  m_Enabled: 1
  m_EditorHideFlags: 0
  m_Script: {fileID: 11500000, guid: b4c11ff25089a324daf359f4b0629b33, type: 3}
  m_Name: 
  m_EditorClassIdentifier: 
  m_UIIgnoredErrors: []
  m_Parent: {fileID: 0}
  m_Children: []
  m_UIPosition: {x: 0, y: 0}
  m_UICollapsed: 1
  m_UISuperCollapsed: 0
  m_MasterSlot: {fileID: 8926484042661614682}
  m_MasterData:
    m_Owner: {fileID: 8926484042661614561}
    m_Value:
      m_Type:
        m_SerializableType: System.Boolean, mscorlib, Version=4.0.0.0, Culture=neutral,
          PublicKeyToken=b77a5c561934e089
      m_SerializableObject: True
    m_Space: 2147483647
  m_Property:
    name: _vfx_enabled
    m_serializedType:
      m_SerializableType: System.Boolean, mscorlib, Version=4.0.0.0, Culture=neutral,
        PublicKeyToken=b77a5c561934e089
  m_Direction: 0
  m_LinkedSlots: []
--- !u!114 &8926484042661614683
MonoBehaviour:
  m_ObjectHideFlags: 0
  m_CorrespondingSourceObject: {fileID: 0}
  m_PrefabInstance: {fileID: 0}
  m_PrefabAsset: {fileID: 0}
  m_GameObject: {fileID: 0}
  m_Enabled: 1
  m_EditorHideFlags: 0
  m_Script: {fileID: 11500000, guid: b4c11ff25089a324daf359f4b0629b33, type: 3}
  m_Name: 
  m_EditorClassIdentifier: 
  m_UIIgnoredErrors: []
  m_Parent: {fileID: 0}
  m_Children: []
  m_UIPosition: {x: 0, y: 0}
  m_UICollapsed: 1
  m_UISuperCollapsed: 0
  m_MasterSlot: {fileID: 8926484042661614683}
  m_MasterData:
    m_Owner: {fileID: 8926484042661614589}
    m_Value:
      m_Type:
        m_SerializableType: System.Boolean, mscorlib, Version=4.0.0.0, Culture=neutral,
          PublicKeyToken=b77a5c561934e089
      m_SerializableObject: True
    m_Space: 2147483647
  m_Property:
    name: _vfx_enabled
    m_serializedType:
      m_SerializableType: System.Boolean, mscorlib, Version=4.0.0.0, Culture=neutral,
        PublicKeyToken=b77a5c561934e089
  m_Direction: 0
  m_LinkedSlots: []
