%YAML 1.1
%TAG !u! tag:unity3d.com,2011:
--- !u!1 &3043962825181453625
GameObject:
  m_ObjectHideFlags: 0
  m_CorrespondingSourceObject: {fileID: 0}
  m_PrefabInstance: {fileID: 0}
  m_PrefabAsset: {fileID: 0}
  serializedVersion: 6
  m_Component:
  - component: {fileID: 3043962825181453626}
  - component: {fileID: 3043962825181453627}
  - component: {fileID: 3043962825181453629}
  - component: {fileID: 3043962825181453631}
  - component: {fileID: 3043962825181453616}
  - component: {fileID: 3043962825181453630}
  - component: {fileID: 3043962825181453628}
  m_Layer: 6
  m_Name: Jumper
  m_TagString: Untagged
  m_Icon: {fileID: 0}
  m_NavMeshLayer: 0
  m_StaticEditorFlags: 0
  m_IsActive: 1
--- !u!4 &3043962825181453626
Transform:
  m_ObjectHideFlags: 0
  m_CorrespondingSourceObject: {fileID: 0}
  m_PrefabInstance: {fileID: 0}
  m_PrefabAsset: {fileID: 0}
  m_GameObject: {fileID: 3043962825181453625}
  m_LocalRotation: {x: -0, y: -0, z: -0, w: 1}
  m_LocalPosition: {x: 4.67, y: 0.513, z: 0}
  m_LocalScale: {x: 1, y: 1, z: 1}
  m_ConstrainProportionsScale: 0
  m_Children: []
  m_Father: {fileID: 0}
  m_RootOrder: 0
  m_LocalEulerAnglesHint: {x: 0, y: 0, z: 0}
--- !u!212 &3043962825181453627
SpriteRenderer:
  m_ObjectHideFlags: 0
  m_CorrespondingSourceObject: {fileID: 0}
  m_PrefabInstance: {fileID: 0}
  m_PrefabAsset: {fileID: 0}
  m_GameObject: {fileID: 3043962825181453625}
  m_Enabled: 1
  m_CastShadows: 0
  m_ReceiveShadows: 0
  m_DynamicOccludee: 1
  m_StaticShadowCaster: 0
  m_MotionVectors: 1
  m_LightProbeUsage: 1
  m_ReflectionProbeUsage: 1
  m_RayTracingMode: 0
  m_RayTraceProcedural: 0
  m_RenderingLayerMask: 1
  m_RendererPriority: 0
  m_Materials:
  - {fileID: 10754, guid: 0000000000000000f000000000000000, type: 0}
  m_StaticBatchInfo:
    firstSubMesh: 0
    subMeshCount: 0
  m_StaticBatchRoot: {fileID: 0}
  m_ProbeAnchor: {fileID: 0}
  m_LightProbeVolumeOverride: {fileID: 0}
  m_ScaleInLightmap: 1
  m_ReceiveGI: 1
  m_PreserveUVs: 0
  m_IgnoreNormalsForChartDetection: 0
  m_ImportantGI: 0
  m_StitchLightmapSeams: 1
  m_SelectedEditorRenderState: 0
  m_MinimumChartSize: 4
  m_AutoUVMaxDistance: 0.5
  m_AutoUVMaxAngle: 89
  m_LightmapParameters: {fileID: 0}
  m_SortingLayerID: 0
  m_SortingLayer: 0
  m_SortingOrder: 1
  m_Sprite: {fileID: 21300000, guid: d2a30036473a94bf4a5b4133cc7a6bad, type: 3}
  m_Color: {r: 1, g: 1, b: 1, a: 1}
  m_FlipX: 0
  m_FlipY: 0
  m_DrawMode: 0
  m_Size: {x: 0.58, y: 0.39}
  m_AdaptiveModeThreshold: 0.5
  m_SpriteTileMode: 0
  m_WasSpriteAssigned: 1
  m_MaskInteraction: 0
  m_SpriteSortPoint: 0
--- !u!114 &3043962825181453629
MonoBehaviour:
  m_ObjectHideFlags: 0
  m_CorrespondingSourceObject: {fileID: 0}
  m_PrefabInstance: {fileID: 0}
  m_PrefabAsset: {fileID: 0}
  m_GameObject: {fileID: 3043962825181453625}
  m_Enabled: 0
  m_EditorHideFlags: 0
  m_Script: {fileID: 11500000, guid: 61405812916399ce68109d90bf37e7a1, type: 3}
  m_Name: 
  m_EditorClassIdentifier: 
  jumpSpeed: {x: 4, y: 4, z: 1}
  jumpOnEnable: 1
  jumpToPlayer: 1
  OnGround:
    m_PersistentCalls:
      m_Calls:
      - m_Target: {fileID: 3043962825181453629}
        m_TargetAssemblyTypeName: PlatformerEnemyBehaviours2D.Movement.Jumper, Assembly-CSharp
        m_MethodName: Jump
        m_Mode: 1
        m_Arguments:
          m_ObjectArgument: {fileID: 0}
          m_ObjectArgumentAssemblyTypeName: UnityEngine.Object, UnityEngine
          m_IntArgument: 0
          m_FloatArgument: 0
          m_StringArgument: 
          m_BoolArgument: 0
        m_CallState: 2
      - m_Target: {fileID: 3043962825181453627}
        m_TargetAssemblyTypeName: UnityEngine.SpriteRenderer, UnityEngine
        m_MethodName: set_sprite
        m_Mode: 2
        m_Arguments:
          m_ObjectArgument: {fileID: 21300000, guid: 3d342d759d4d41578800e639ffddd927,
            type: 3}
          m_ObjectArgumentAssemblyTypeName: UnityEngine.Sprite, UnityEngine
          m_IntArgument: 0
          m_FloatArgument: 0
          m_StringArgument: 
          m_BoolArgument: 0
        m_CallState: 2
--- !u!114 &3043962825181453631
MonoBehaviour:
  m_ObjectHideFlags: 0
  m_CorrespondingSourceObject: {fileID: 0}
  m_PrefabInstance: {fileID: 0}
  m_PrefabAsset: {fileID: 0}
  m_GameObject: {fileID: 3043962825181453625}
  m_Enabled: 1
  m_EditorHideFlags: 0
  m_Script: {fileID: 11500000, guid: 3d1e3a268f344ea179b4699c03506994, type: 3}
  m_Name: 
  m_EditorClassIdentifier: 
  hitPlayerTaggedObjectAutomatically: 1
  autoDamage: 0.1
  hitDelay: 1
  OnDamage:
    m_PersistentCalls:
      m_Calls: []
  coll: {fileID: 0}
--- !u!114 &3043962825181453616
MonoBehaviour:
  m_ObjectHideFlags: 0
  m_CorrespondingSourceObject: {fileID: 0}
  m_PrefabInstance: {fileID: 0}
  m_PrefabAsset: {fileID: 0}
  m_GameObject: {fileID: 3043962825181453625}
  m_Enabled: 1
  m_EditorHideFlags: 0
  m_Script: {fileID: 11500000, guid: 4d07a019e8730a487aaa59eb73f73bc9, type: 3}
  m_Name: 
  m_EditorClassIdentifier: 
  distance: 4
  triggeringObject: {fileID: 0}
  OnWithinDistance:
    m_PersistentCalls:
      m_Calls:
      - m_Target: {fileID: 3043962825181453629}
        m_TargetAssemblyTypeName: UnityEngine.Behaviour, UnityEngine
        m_MethodName: set_enabled
        m_Mode: 6
        m_Arguments:
          m_ObjectArgument: {fileID: 0}
          m_ObjectArgumentAssemblyTypeName: UnityEngine.Object, UnityEngine
          m_IntArgument: 0
          m_FloatArgument: 0
          m_StringArgument: 
          m_BoolArgument: 1
        m_CallState: 2
      - m_Target: {fileID: 3043962825181453627}
        m_TargetAssemblyTypeName: UnityEngine.SpriteRenderer, UnityEngine
        m_MethodName: set_sprite
        m_Mode: 2
        m_Arguments:
          m_ObjectArgument: {fileID: 21300000, guid: 3d342d759d4d41578800e639ffddd927,
            type: 3}
          m_ObjectArgumentAssemblyTypeName: UnityEngine.Sprite, UnityEngine
          m_IntArgument: 0
          m_FloatArgument: 0
          m_StringArgument: 
          m_BoolArgument: 1
        m_CallState: 2
  OnOutsideDistance:
    m_PersistentCalls:
      m_Calls:
      - m_Target: {fileID: 3043962825181453629}
        m_TargetAssemblyTypeName: UnityEngine.Behaviour, UnityEngine
        m_MethodName: set_enabled
        m_Mode: 6
        m_Arguments:
          m_ObjectArgument: {fileID: 0}
          m_ObjectArgumentAssemblyTypeName: UnityEngine.Object, UnityEngine
          m_IntArgument: 0
          m_FloatArgument: 0
          m_StringArgument: 
          m_BoolArgument: 0
        m_CallState: 2
      - m_Target: {fileID: 3043962825181453629}
        m_TargetAssemblyTypeName: PlatformerEnemyBehaviours2D.Movement.Jumper, Assembly-CSharp
        m_MethodName: Stop
        m_Mode: 1
        m_Arguments:
          m_ObjectArgument: {fileID: 0}
          m_ObjectArgumentAssemblyTypeName: UnityEngine.Object, UnityEngine
          m_IntArgument: 0
          m_FloatArgument: 0
          m_StringArgument: 
          m_BoolArgument: 0
        m_CallState: 2
      - m_Target: {fileID: 3043962825181453627}
        m_TargetAssemblyTypeName: UnityEngine.SpriteRenderer, UnityEngine
        m_MethodName: set_sprite
        m_Mode: 2
        m_Arguments:
          m_ObjectArgument: {fileID: 21300000, guid: d2a30036473a94bf4a5b4133cc7a6bad,
            type: 3}
          m_ObjectArgumentAssemblyTypeName: UnityEngine.Sprite, UnityEngine
          m_IntArgument: 0
          m_FloatArgument: 0
          m_StringArgument: 
          m_BoolArgument: 0
        m_CallState: 2
--- !u!54 &3043962825181453630
Rigidbody:
  m_ObjectHideFlags: 0
  m_CorrespondingSourceObject: {fileID: 0}
  m_PrefabInstance: {fileID: 0}
  m_PrefabAsset: {fileID: 0}
  m_GameObject: {fileID: 3043962825181453625}
  serializedVersion: 2
  m_Mass: 1
  m_Drag: 0
  m_AngularDrag: 0.05
  m_UseGravity: 1
  m_IsKinematic: 0
  m_Interpolate: 0
  m_Constraints: 0
  m_CollisionDetection: 0
--- !u!65 &3043962825181453628
BoxCollider:
  m_ObjectHideFlags: 0
  m_CorrespondingSourceObject: {fileID: 0}
  m_PrefabInstance: {fileID: 0}
  m_PrefabAsset: {fileID: 0}
  m_GameObject: {fileID: 3043962825181453625}
  m_Material: {fileID: 0}
  m_IsTrigger: 0
  m_Enabled: 1
  serializedVersion: 2
  m_Size: {x: 0.58, y: 0.39, z: 0.2}
  m_Center: {x: 0, y: 0, z: 0}
