%YAML 1.1
%TAG !u! tag:unity3d.com,2011:
--- !u!114 &114340500867371532
MonoBehaviour:
  m_ObjectHideFlags: 1
  m_CorrespondingSourceObject: {fileID: 0}
  m_PrefabInstance: {fileID: 0}
  m_PrefabAsset: {fileID: 0}
  m_GameObject: {fileID: 0}
  m_Enabled: 1
  m_EditorHideFlags: 0
  m_Script: {fileID: 11500000, guid: d01270efd3285ea4a9d6c555cb0a8027, type: 3}
  m_Name: VFXUI
  m_EditorClassIdentifier: 
  groupInfos: []
  stickyNoteInfos: []
  categories: []
  uiBounds:
    serializedVersion: 2
    x: 179
    y: -189
    width: 1336
    height: 1904
--- !u!114 &114350483966674976
MonoBehaviour:
  m_ObjectHideFlags: 1
  m_CorrespondingSourceObject: {fileID: 0}
  m_PrefabInstance: {fileID: 0}
  m_PrefabAsset: {fileID: 0}
  m_GameObject: {fileID: 0}
  m_Enabled: 1
  m_EditorHideFlags: 0
  m_Script: {fileID: 11500000, guid: 7d4c867f6b72b714dbb5fd1780afe208, type: 3}
  m_Name: Slash
  m_EditorClassIdentifier: 
  m_UIIgnoredErrors: []
  m_Parent: {fileID: 0}
  m_Children:
  - {fileID: 8926484042661614595}
  - {fileID: 8926484042661614645}
  - {fileID: 8926484042661614649}
  - {fileID: 8926484042661614756}
  - {fileID: 8926484042661614887}
  - {fileID: 8926484042661614961}
  - {fileID: 8926484042661614919}
  - {fileID: 8926484042661614925}
  - {fileID: 8926484042661614932}
  - {fileID: 8926484042661614964}
  - {fileID: 8926484042661614967}
  m_UIPosition: {x: 0, y: 0}
  m_UICollapsed: 1
  m_UISuperCollapsed: 0
  m_UIInfos: {fileID: 114340500867371532}
  m_ParameterInfo:
  - name: SwordLevel
    path: SwordLevel
    tooltip: 
    sheetType: m_Int
    realType: Int32
    defaultValue:
      m_Type:
        m_SerializableType: System.Int32, mscorlib, Version=4.0.0.0, Culture=neutral,
          PublicKeyToken=b77a5c561934e089
      m_SerializableObject: 0
    min: -Infinity
    max: Infinity
    enumValues: []
    descendantCount: 0
  m_ImportDependencies: []
  m_GraphVersion: 12
  m_ResourceVersion: 1
  m_SubgraphDependencies: []
  m_CategoryPath: 
--- !u!2058629511 &8926484042661614527
VisualEffectResource:
  m_ObjectHideFlags: 0
  m_CorrespondingSourceObject: {fileID: 0}
  m_PrefabInstance: {fileID: 0}
  m_PrefabAsset: {fileID: 0}
  m_Name: Slash
  m_Graph: {fileID: 114350483966674976}
  m_Infos:
    m_RendererSettings:
      motionVectorGenerationMode: 0
      shadowCastingMode: 0
      receiveShadows: 0
      reflectionProbeUsage: 0
      lightProbeUsage: 0
    m_CullingFlags: 3
    m_UpdateMode: 0
    m_PreWarmDeltaTime: 0.05
    m_PreWarmStepCount: 0
    m_InitialEventName: OnPlay
    m_InstancingMode: -1
    m_InstancingCapacity: 64
--- !u!114 &8926484042661614595
MonoBehaviour:
  m_ObjectHideFlags: 0
  m_CorrespondingSourceObject: {fileID: 0}
  m_PrefabInstance: {fileID: 0}
  m_PrefabAsset: {fileID: 0}
  m_GameObject: {fileID: 0}
  m_Enabled: 1
  m_EditorHideFlags: 0
  m_Script: {fileID: 11500000, guid: 9dfea48843f53fc438eabc12a3a30abc, type: 3}
  m_Name: 
  m_EditorClassIdentifier: 
  m_UIIgnoredErrors: []
  m_Parent: {fileID: 114350483966674976}
  m_Children:
  - {fileID: 8926484042661614775}
  - {fileID: 8926484042661614770}
  m_UIPosition: {x: 1091, y: 277}
  m_UICollapsed: 0
  m_UISuperCollapsed: 0
  m_InputSlots:
  - {fileID: 8926484042661614596}
  m_OutputSlots: []
  m_Label: 
  m_Data: {fileID: 8926484042661614605}
  m_InputFlowSlot:
  - link:
    - context: {fileID: 8926484042661614756}
      slotIndex: 0
  m_OutputFlowSlot:
  - link:
    - context: {fileID: 8926484042661614645}
      slotIndex: 0
--- !u!114 &8926484042661614596
MonoBehaviour:
  m_ObjectHideFlags: 0
  m_CorrespondingSourceObject: {fileID: 0}
  m_PrefabInstance: {fileID: 0}
  m_PrefabAsset: {fileID: 0}
  m_GameObject: {fileID: 0}
  m_Enabled: 1
  m_EditorHideFlags: 0
  m_Script: {fileID: 11500000, guid: 1b605c022ee79394a8a776c0869b3f9a, type: 3}
  m_Name: 
  m_EditorClassIdentifier: 
  m_UIIgnoredErrors: []
  m_Parent: {fileID: 0}
  m_Children:
  - {fileID: 8926484042661614597}
  - {fileID: 8926484042661614601}
  m_UIPosition: {x: 0, y: 0}
  m_UICollapsed: 1
  m_UISuperCollapsed: 0
  m_MasterSlot: {fileID: 8926484042661614596}
  m_MasterData:
    m_Owner: {fileID: 8926484042661614595}
    m_Value:
      m_Type:
        m_SerializableType: UnityEditor.VFX.AABox, Unity.VisualEffectGraph.Editor,
          Version=0.0.0.0, Culture=neutral, PublicKeyToken=null
      m_SerializableObject: '{"center":{"x":0.0,"y":1.0,"z":0.0},"size":{"x":2.0,"y":3.0,"z":2.0}}'
    m_Space: 0
  m_Property:
    name: bounds
    m_serializedType:
      m_SerializableType: UnityEditor.VFX.AABox, Unity.VisualEffectGraph.Editor,
        Version=0.0.0.0, Culture=neutral, PublicKeyToken=null
  m_Direction: 0
  m_LinkedSlots: []
--- !u!114 &8926484042661614597
MonoBehaviour:
  m_ObjectHideFlags: 0
  m_CorrespondingSourceObject: {fileID: 0}
  m_PrefabInstance: {fileID: 0}
  m_PrefabAsset: {fileID: 0}
  m_GameObject: {fileID: 0}
  m_Enabled: 1
  m_EditorHideFlags: 0
  m_Script: {fileID: 11500000, guid: ac39bd03fca81b849929b9c966f1836a, type: 3}
  m_Name: 
  m_EditorClassIdentifier: 
  m_UIIgnoredErrors: []
  m_Parent: {fileID: 8926484042661614596}
  m_Children:
  - {fileID: 8926484042661614598}
  - {fileID: 8926484042661614599}
  - {fileID: 8926484042661614600}
  m_UIPosition: {x: 0, y: 0}
  m_UICollapsed: 1
  m_UISuperCollapsed: 0
  m_MasterSlot: {fileID: 8926484042661614596}
  m_MasterData:
    m_Owner: {fileID: 0}
    m_Value:
      m_Type:
        m_SerializableType: 
      m_SerializableObject: 
    m_Space: 2147483647
  m_Property:
    name: center
    m_serializedType:
      m_SerializableType: UnityEngine.Vector3, UnityEngine.CoreModule, Version=0.0.0.0,
        Culture=neutral, PublicKeyToken=null
  m_Direction: 0
  m_LinkedSlots: []
--- !u!114 &8926484042661614598
MonoBehaviour:
  m_ObjectHideFlags: 0
  m_CorrespondingSourceObject: {fileID: 0}
  m_PrefabInstance: {fileID: 0}
  m_PrefabAsset: {fileID: 0}
  m_GameObject: {fileID: 0}
  m_Enabled: 1
  m_EditorHideFlags: 0
  m_Script: {fileID: 11500000, guid: f780aa281814f9842a7c076d436932e7, type: 3}
  m_Name: 
  m_EditorClassIdentifier: 
  m_UIIgnoredErrors: []
  m_Parent: {fileID: 8926484042661614597}
  m_Children: []
  m_UIPosition: {x: 0, y: 0}
  m_UICollapsed: 1
  m_UISuperCollapsed: 0
  m_MasterSlot: {fileID: 8926484042661614596}
  m_MasterData:
    m_Owner: {fileID: 0}
    m_Value:
      m_Type:
        m_SerializableType: 
      m_SerializableObject: 
    m_Space: 2147483647
  m_Property:
    name: x
    m_serializedType:
      m_SerializableType: System.Single, mscorlib, Version=4.0.0.0, Culture=neutral,
        PublicKeyToken=b77a5c561934e089
  m_Direction: 0
  m_LinkedSlots: []
--- !u!114 &8926484042661614599
MonoBehaviour:
  m_ObjectHideFlags: 0
  m_CorrespondingSourceObject: {fileID: 0}
  m_PrefabInstance: {fileID: 0}
  m_PrefabAsset: {fileID: 0}
  m_GameObject: {fileID: 0}
  m_Enabled: 1
  m_EditorHideFlags: 0
  m_Script: {fileID: 11500000, guid: f780aa281814f9842a7c076d436932e7, type: 3}
  m_Name: 
  m_EditorClassIdentifier: 
  m_UIIgnoredErrors: []
  m_Parent: {fileID: 8926484042661614597}
  m_Children: []
  m_UIPosition: {x: 0, y: 0}
  m_UICollapsed: 1
  m_UISuperCollapsed: 0
  m_MasterSlot: {fileID: 8926484042661614596}
  m_MasterData:
    m_Owner: {fileID: 0}
    m_Value:
      m_Type:
        m_SerializableType: 
      m_SerializableObject: 
    m_Space: 2147483647
  m_Property:
    name: y
    m_serializedType:
      m_SerializableType: System.Single, mscorlib, Version=4.0.0.0, Culture=neutral,
        PublicKeyToken=b77a5c561934e089
  m_Direction: 0
  m_LinkedSlots: []
--- !u!114 &8926484042661614600
MonoBehaviour:
  m_ObjectHideFlags: 0
  m_CorrespondingSourceObject: {fileID: 0}
  m_PrefabInstance: {fileID: 0}
  m_PrefabAsset: {fileID: 0}
  m_GameObject: {fileID: 0}
  m_Enabled: 1
  m_EditorHideFlags: 0
  m_Script: {fileID: 11500000, guid: f780aa281814f9842a7c076d436932e7, type: 3}
  m_Name: 
  m_EditorClassIdentifier: 
  m_UIIgnoredErrors: []
  m_Parent: {fileID: 8926484042661614597}
  m_Children: []
  m_UIPosition: {x: 0, y: 0}
  m_UICollapsed: 1
  m_UISuperCollapsed: 0
  m_MasterSlot: {fileID: 8926484042661614596}
  m_MasterData:
    m_Owner: {fileID: 0}
    m_Value:
      m_Type:
        m_SerializableType: 
      m_SerializableObject: 
    m_Space: 2147483647
  m_Property:
    name: z
    m_serializedType:
      m_SerializableType: System.Single, mscorlib, Version=4.0.0.0, Culture=neutral,
        PublicKeyToken=b77a5c561934e089
  m_Direction: 0
  m_LinkedSlots: []
--- !u!114 &8926484042661614601
MonoBehaviour:
  m_ObjectHideFlags: 0
  m_CorrespondingSourceObject: {fileID: 0}
  m_PrefabInstance: {fileID: 0}
  m_PrefabAsset: {fileID: 0}
  m_GameObject: {fileID: 0}
  m_Enabled: 1
  m_EditorHideFlags: 0
  m_Script: {fileID: 11500000, guid: ac39bd03fca81b849929b9c966f1836a, type: 3}
  m_Name: 
  m_EditorClassIdentifier: 
  m_UIIgnoredErrors: []
  m_Parent: {fileID: 8926484042661614596}
  m_Children:
  - {fileID: 8926484042661614602}
  - {fileID: 8926484042661614603}
  - {fileID: 8926484042661614604}
  m_UIPosition: {x: 0, y: 0}
  m_UICollapsed: 1
  m_UISuperCollapsed: 0
  m_MasterSlot: {fileID: 8926484042661614596}
  m_MasterData:
    m_Owner: {fileID: 0}
    m_Value:
      m_Type:
        m_SerializableType: 
      m_SerializableObject: 
    m_Space: 2147483647
  m_Property:
    name: size
    m_serializedType:
      m_SerializableType: UnityEngine.Vector3, UnityEngine.CoreModule, Version=0.0.0.0,
        Culture=neutral, PublicKeyToken=null
  m_Direction: 0
  m_LinkedSlots: []
--- !u!114 &8926484042661614602
MonoBehaviour:
  m_ObjectHideFlags: 0
  m_CorrespondingSourceObject: {fileID: 0}
  m_PrefabInstance: {fileID: 0}
  m_PrefabAsset: {fileID: 0}
  m_GameObject: {fileID: 0}
  m_Enabled: 1
  m_EditorHideFlags: 0
  m_Script: {fileID: 11500000, guid: f780aa281814f9842a7c076d436932e7, type: 3}
  m_Name: 
  m_EditorClassIdentifier: 
  m_UIIgnoredErrors: []
  m_Parent: {fileID: 8926484042661614601}
  m_Children: []
  m_UIPosition: {x: 0, y: 0}
  m_UICollapsed: 1
  m_UISuperCollapsed: 0
  m_MasterSlot: {fileID: 8926484042661614596}
  m_MasterData:
    m_Owner: {fileID: 0}
    m_Value:
      m_Type:
        m_SerializableType: 
      m_SerializableObject: 
    m_Space: 2147483647
  m_Property:
    name: x
    m_serializedType:
      m_SerializableType: System.Single, mscorlib, Version=4.0.0.0, Culture=neutral,
        PublicKeyToken=b77a5c561934e089
  m_Direction: 0
  m_LinkedSlots: []
--- !u!114 &8926484042661614603
MonoBehaviour:
  m_ObjectHideFlags: 0
  m_CorrespondingSourceObject: {fileID: 0}
  m_PrefabInstance: {fileID: 0}
  m_PrefabAsset: {fileID: 0}
  m_GameObject: {fileID: 0}
  m_Enabled: 1
  m_EditorHideFlags: 0
  m_Script: {fileID: 11500000, guid: f780aa281814f9842a7c076d436932e7, type: 3}
  m_Name: 
  m_EditorClassIdentifier: 
  m_UIIgnoredErrors: []
  m_Parent: {fileID: 8926484042661614601}
  m_Children: []
  m_UIPosition: {x: 0, y: 0}
  m_UICollapsed: 1
  m_UISuperCollapsed: 0
  m_MasterSlot: {fileID: 8926484042661614596}
  m_MasterData:
    m_Owner: {fileID: 0}
    m_Value:
      m_Type:
        m_SerializableType: 
      m_SerializableObject: 
    m_Space: 2147483647
  m_Property:
    name: y
    m_serializedType:
      m_SerializableType: System.Single, mscorlib, Version=4.0.0.0, Culture=neutral,
        PublicKeyToken=b77a5c561934e089
  m_Direction: 0
  m_LinkedSlots: []
--- !u!114 &8926484042661614604
MonoBehaviour:
  m_ObjectHideFlags: 0
  m_CorrespondingSourceObject: {fileID: 0}
  m_PrefabInstance: {fileID: 0}
  m_PrefabAsset: {fileID: 0}
  m_GameObject: {fileID: 0}
  m_Enabled: 1
  m_EditorHideFlags: 0
  m_Script: {fileID: 11500000, guid: f780aa281814f9842a7c076d436932e7, type: 3}
  m_Name: 
  m_EditorClassIdentifier: 
  m_UIIgnoredErrors: []
  m_Parent: {fileID: 8926484042661614601}
  m_Children: []
  m_UIPosition: {x: 0, y: 0}
  m_UICollapsed: 1
  m_UISuperCollapsed: 0
  m_MasterSlot: {fileID: 8926484042661614596}
  m_MasterData:
    m_Owner: {fileID: 0}
    m_Value:
      m_Type:
        m_SerializableType: 
      m_SerializableObject: 
    m_Space: 2147483647
  m_Property:
    name: z
    m_serializedType:
      m_SerializableType: System.Single, mscorlib, Version=4.0.0.0, Culture=neutral,
        PublicKeyToken=b77a5c561934e089
  m_Direction: 0
  m_LinkedSlots: []
--- !u!114 &8926484042661614605
MonoBehaviour:
  m_ObjectHideFlags: 0
  m_CorrespondingSourceObject: {fileID: 0}
  m_PrefabInstance: {fileID: 0}
  m_PrefabAsset: {fileID: 0}
  m_GameObject: {fileID: 0}
  m_Enabled: 1
  m_EditorHideFlags: 0
  m_Script: {fileID: 11500000, guid: d78581a96eae8bf4398c282eb0b098bd, type: 3}
  m_Name: 
  m_EditorClassIdentifier: 
  m_UIIgnoredErrors: []
  m_Parent: {fileID: 114350483966674976}
  m_Children: []
  m_UIPosition: {x: 0, y: 0}
  m_UICollapsed: 1
  m_UISuperCollapsed: 0
  title: 
  m_Owners:
  - {fileID: 8926484042661614595}
  - {fileID: 8926484042661614645}
  - {fileID: 8926484042661614649}
  dataType: 0
  capacity: 32
  stripCapacity: 16
  particlePerStripCount: 16
  needsComputeBounds: 0
  boundsMode: 1
  m_Space: 0
--- !u!114 &8926484042661614645
MonoBehaviour:
  m_ObjectHideFlags: 0
  m_CorrespondingSourceObject: {fileID: 0}
  m_PrefabInstance: {fileID: 0}
  m_PrefabAsset: {fileID: 0}
  m_GameObject: {fileID: 0}
  m_Enabled: 1
  m_EditorHideFlags: 0
  m_Script: {fileID: 11500000, guid: 2dc095764ededfa4bb32fa602511ea4b, type: 3}
  m_Name: 
  m_EditorClassIdentifier: 
  m_UIIgnoredErrors: []
  m_Parent: {fileID: 114350483966674976}
  m_Children:
  - {fileID: 8926484042661614748}
  m_UIPosition: {x: 1075, y: 711}
  m_UICollapsed: 0
  m_UISuperCollapsed: 0
  m_InputSlots: []
  m_OutputSlots: []
  m_Label: 
  m_Data: {fileID: 8926484042661614605}
  m_InputFlowSlot:
  - link:
    - context: {fileID: 8926484042661614595}
      slotIndex: 0
  m_OutputFlowSlot:
  - link:
    - context: {fileID: 8926484042661614649}
      slotIndex: 0
  integration: 0
  angularIntegration: 0
  ageParticles: 1
  reapParticles: 1
  skipZeroDeltaUpdate: 0
--- !u!114 &8926484042661614649
MonoBehaviour:
  m_ObjectHideFlags: 0
  m_CorrespondingSourceObject: {fileID: 0}
  m_PrefabInstance: {fileID: 0}
  m_PrefabAsset: {fileID: 0}
  m_GameObject: {fileID: 0}
  m_Enabled: 1
  m_EditorHideFlags: 0
  m_Script: {fileID: 11500000, guid: a0b9e6b9139e58d4c957ec54595da7d3, type: 3}
  m_Name: 
  m_EditorClassIdentifier: 
  m_UIIgnoredErrors: []
  m_Parent: {fileID: 114350483966674976}
  m_Children:
  - {fileID: 8926484042661614653}
  - {fileID: 8926484042661614786}
  - {fileID: 8926484042661614657}
  m_UIPosition: {x: 1081, y: 967}
  m_UICollapsed: 0
  m_UISuperCollapsed: 0
  m_InputSlots:
  - {fileID: 8926484042661614650}
  m_OutputSlots: []
  m_Label: 
  m_Data: {fileID: 8926484042661614605}
  m_InputFlowSlot:
  - link:
    - context: {fileID: 8926484042661614645}
      slotIndex: 0
  m_OutputFlowSlot:
  - link: []
  blendMode: 0
  useAlphaClipping: 0
  generateMotionVector: 0
  excludeFromTAA: 0
  sortingPriority: 0
  m_SubOutputs:
  - {fileID: 8926484042661614654}
  cullMode: 0
  zWriteMode: 0
  zTestMode: 0
  colorMapping: 0
  uvMode: 0
  useSoftParticle: 0
  vfxSystemSortPriority: 0
  sort: 0
  sortMode: 0
  revertSorting: 0
  indirectDraw: 0
  computeCulling: 0
  frustumCulling: 0
  castShadows: 0
  useExposureWeight: 0
  flipbookLayout: 0
  needsOwnSort: 0
  shaderGraph: {fileID: 0}
  materialSettings:
    m_PropertyNames: []
    m_PropertyValues: []
  primitiveType: 1
  useGeometryShader: 0
--- !u!114 &8926484042661614650
MonoBehaviour:
  m_ObjectHideFlags: 0
  m_CorrespondingSourceObject: {fileID: 0}
  m_PrefabInstance: {fileID: 0}
  m_PrefabAsset: {fileID: 0}
  m_GameObject: {fileID: 0}
  m_Enabled: 1
  m_EditorHideFlags: 0
  m_Script: {fileID: 11500000, guid: 70a331b1d86cc8d4aa106ccbe0da5852, type: 3}
  m_Name: 
  m_EditorClassIdentifier: 
  m_UIIgnoredErrors: []
  m_Parent: {fileID: 0}
  m_Children: []
  m_UIPosition: {x: 0, y: 0}
  m_UICollapsed: 1
  m_UISuperCollapsed: 0
  m_MasterSlot: {fileID: 8926484042661614650}
  m_MasterData:
    m_Owner: {fileID: 8926484042661614649}
    m_Value:
      m_Type:
        m_SerializableType: UnityEngine.Texture2D, UnityEngine.CoreModule, Version=0.0.0.0,
          Culture=neutral, PublicKeyToken=null
      m_SerializableObject: '{"obj":{"fileID":2800000,"guid":"27add187b00d43946940c7fac750e3c6","type":3}}'
    m_Space: 2147483647
  m_Property:
    name: mainTexture
    m_serializedType:
      m_SerializableType: UnityEngine.Texture2D, UnityEngine.CoreModule, Version=0.0.0.0,
        Culture=neutral, PublicKeyToken=null
  m_Direction: 0
  m_LinkedSlots: []
--- !u!114 &8926484042661614653
MonoBehaviour:
  m_ObjectHideFlags: 0
  m_CorrespondingSourceObject: {fileID: 0}
  m_PrefabInstance: {fileID: 0}
  m_PrefabAsset: {fileID: 0}
  m_GameObject: {fileID: 0}
  m_Enabled: 1
  m_EditorHideFlags: 0
  m_Script: {fileID: 11500000, guid: d16c6aeaef944094b9a1633041804207, type: 3}
  m_Name: 
  m_EditorClassIdentifier: 
  m_UIIgnoredErrors: []
  m_Parent: {fileID: 8926484042661614649}
  m_Children: []
  m_UIPosition: {x: 686.3827, y: -134.42786}
  m_UICollapsed: 0
  m_UISuperCollapsed: 0
  m_InputSlots:
  - {fileID: 8926484042661614723}
  - {fileID: 8926484042661614765}
  m_OutputSlots: []
  m_Disabled: 0
  m_ActivationSlot: {fileID: 8926484042661614985}
  mode: 4
  axes: 1
--- !u!114 &8926484042661614654
MonoBehaviour:
  m_ObjectHideFlags: 0
  m_CorrespondingSourceObject: {fileID: 0}
  m_PrefabInstance: {fileID: 0}
  m_PrefabAsset: {fileID: 0}
  m_GameObject: {fileID: 0}
  m_Enabled: 1
  m_EditorHideFlags: 0
  m_Script: {fileID: 11500000, guid: 081ffb0090424ba4cb05370a42ead6b9, type: 3}
  m_Name: 
  m_EditorClassIdentifier: 
--- !u!114 &8926484042661614657
MonoBehaviour:
  m_ObjectHideFlags: 0
  m_CorrespondingSourceObject: {fileID: 0}
  m_PrefabInstance: {fileID: 0}
  m_PrefabAsset: {fileID: 0}
  m_GameObject: {fileID: 0}
  m_Enabled: 1
  m_EditorHideFlags: 0
  m_Script: {fileID: 11500000, guid: 01ec2c1930009b04ea08905b47262415, type: 3}
  m_Name: 
  m_EditorClassIdentifier: 
  m_UIIgnoredErrors: []
  m_Parent: {fileID: 8926484042661614649}
  m_Children: []
  m_UIPosition: {x: 686.3827, y: -134.42786}
  m_UICollapsed: 0
  m_UISuperCollapsed: 0
  m_InputSlots:
  - {fileID: 8926484042661614658}
  m_OutputSlots: []
  m_Disabled: 0
  m_ActivationSlot: {fileID: 8926484042661614987}
  attribute: color
  Composition: 0
  AlphaComposition: 0
  SampleMode: 0
  Mode: 1
  ColorMode: 3
  channels: 6
--- !u!114 &8926484042661614658
MonoBehaviour:
  m_ObjectHideFlags: 0
  m_CorrespondingSourceObject: {fileID: 0}
  m_PrefabInstance: {fileID: 0}
  m_PrefabAsset: {fileID: 0}
  m_GameObject: {fileID: 0}
  m_Enabled: 1
  m_EditorHideFlags: 0
  m_Script: {fileID: 11500000, guid: 76f778ff57c4e8145b9681fe3268d8e9, type: 3}
  m_Name: 
  m_EditorClassIdentifier: 
  m_UIIgnoredErrors: []
  m_Parent: {fileID: 0}
  m_Children: []
  m_UIPosition: {x: 0, y: 0}
  m_UICollapsed: 1
  m_UISuperCollapsed: 0
  m_MasterSlot: {fileID: 8926484042661614658}
  m_MasterData:
    m_Owner: {fileID: 8926484042661614657}
    m_Value:
      m_Type:
        m_SerializableType: UnityEngine.Gradient, UnityEngine.CoreModule, Version=0.0.0.0,
          Culture=neutral, PublicKeyToken=null
      m_SerializableObject: '{"colorKeys":[{"color":{"r":0.0,"g":15.817168235778809,"b":97.00584411621094,"a":1.0},"time":0.0},{"color":{"r":1.0,"g":1.0,"b":1.0,"a":1.0},"time":1.0}],"alphaKeys":[{"alpha":0.0,"time":0.0},{"alpha":1.0,"time":0.05587853863835335},{"alpha":1.0,"time":0.6852979063987732},{"alpha":0.0,"time":1.0}],"gradientMode":0}'
    m_Space: 2147483647
  m_Property:
    name: Color
    m_serializedType:
      m_SerializableType: UnityEngine.Gradient, UnityEngine.CoreModule, Version=0.0.0.0,
        Culture=neutral, PublicKeyToken=null
  m_Direction: 0
  m_LinkedSlots:
  - {fileID: 8926484042661614957}
--- !u!114 &8926484042661614723
MonoBehaviour:
  m_ObjectHideFlags: 0
  m_CorrespondingSourceObject: {fileID: 0}
  m_PrefabInstance: {fileID: 0}
  m_PrefabAsset: {fileID: 0}
  m_GameObject: {fileID: 0}
  m_Enabled: 1
  m_EditorHideFlags: 0
  m_Script: {fileID: 11500000, guid: e8f2b4a846fd4c14a893cde576ad172b, type: 3}
  m_Name: 
  m_EditorClassIdentifier: 
  m_UIIgnoredErrors: []
  m_Parent: {fileID: 0}
  m_Children:
  - {fileID: 8926484042661614724}
  m_UIPosition: {x: 0, y: 0}
  m_UICollapsed: 1
  m_UISuperCollapsed: 0
  m_MasterSlot: {fileID: 8926484042661614723}
  m_MasterData:
    m_Owner: {fileID: 8926484042661614653}
    m_Value:
      m_Type:
        m_SerializableType: UnityEditor.VFX.DirectionType, Unity.VisualEffectGraph.Editor,
          Version=0.0.0.0, Culture=neutral, PublicKeyToken=null
      m_SerializableObject: '{"direction":{"x":0.0,"y":0.0,"z":-1.0}}'
    m_Space: 0
  m_Property:
    name: AxisY
    m_serializedType:
      m_SerializableType: UnityEditor.VFX.DirectionType, Unity.VisualEffectGraph.Editor,
        Version=0.0.0.0, Culture=neutral, PublicKeyToken=null
  m_Direction: 0
  m_LinkedSlots: []
--- !u!114 &8926484042661614724
MonoBehaviour:
  m_ObjectHideFlags: 0
  m_CorrespondingSourceObject: {fileID: 0}
  m_PrefabInstance: {fileID: 0}
  m_PrefabAsset: {fileID: 0}
  m_GameObject: {fileID: 0}
  m_Enabled: 1
  m_EditorHideFlags: 0
  m_Script: {fileID: 11500000, guid: ac39bd03fca81b849929b9c966f1836a, type: 3}
  m_Name: 
  m_EditorClassIdentifier: 
  m_UIIgnoredErrors: []
  m_Parent: {fileID: 8926484042661614723}
  m_Children:
  - {fileID: 8926484042661614725}
  - {fileID: 8926484042661614726}
  - {fileID: 8926484042661614727}
  m_UIPosition: {x: 0, y: 0}
  m_UICollapsed: 1
  m_UISuperCollapsed: 0
  m_MasterSlot: {fileID: 8926484042661614723}
  m_MasterData:
    m_Owner: {fileID: 0}
    m_Value:
      m_Type:
        m_SerializableType: 
      m_SerializableObject: 
    m_Space: 2147483647
  m_Property:
    name: direction
    m_serializedType:
      m_SerializableType: UnityEngine.Vector3, UnityEngine.CoreModule, Version=0.0.0.0,
        Culture=neutral, PublicKeyToken=null
  m_Direction: 0
  m_LinkedSlots: []
--- !u!114 &8926484042661614725
MonoBehaviour:
  m_ObjectHideFlags: 0
  m_CorrespondingSourceObject: {fileID: 0}
  m_PrefabInstance: {fileID: 0}
  m_PrefabAsset: {fileID: 0}
  m_GameObject: {fileID: 0}
  m_Enabled: 1
  m_EditorHideFlags: 0
  m_Script: {fileID: 11500000, guid: f780aa281814f9842a7c076d436932e7, type: 3}
  m_Name: 
  m_EditorClassIdentifier: 
  m_UIIgnoredErrors: []
  m_Parent: {fileID: 8926484042661614724}
  m_Children: []
  m_UIPosition: {x: 0, y: 0}
  m_UICollapsed: 1
  m_UISuperCollapsed: 0
  m_MasterSlot: {fileID: 8926484042661614723}
  m_MasterData:
    m_Owner: {fileID: 0}
    m_Value:
      m_Type:
        m_SerializableType: 
      m_SerializableObject: 
    m_Space: 2147483647
  m_Property:
    name: x
    m_serializedType:
      m_SerializableType: System.Single, mscorlib, Version=4.0.0.0, Culture=neutral,
        PublicKeyToken=b77a5c561934e089
  m_Direction: 0
  m_LinkedSlots: []
--- !u!114 &8926484042661614726
MonoBehaviour:
  m_ObjectHideFlags: 0
  m_CorrespondingSourceObject: {fileID: 0}
  m_PrefabInstance: {fileID: 0}
  m_PrefabAsset: {fileID: 0}
  m_GameObject: {fileID: 0}
  m_Enabled: 1
  m_EditorHideFlags: 0
  m_Script: {fileID: 11500000, guid: f780aa281814f9842a7c076d436932e7, type: 3}
  m_Name: 
  m_EditorClassIdentifier: 
  m_UIIgnoredErrors: []
  m_Parent: {fileID: 8926484042661614724}
  m_Children: []
  m_UIPosition: {x: 0, y: 0}
  m_UICollapsed: 1
  m_UISuperCollapsed: 0
  m_MasterSlot: {fileID: 8926484042661614723}
  m_MasterData:
    m_Owner: {fileID: 0}
    m_Value:
      m_Type:
        m_SerializableType: 
      m_SerializableObject: 
    m_Space: 2147483647
  m_Property:
    name: y
    m_serializedType:
      m_SerializableType: System.Single, mscorlib, Version=4.0.0.0, Culture=neutral,
        PublicKeyToken=b77a5c561934e089
  m_Direction: 0
  m_LinkedSlots: []
--- !u!114 &8926484042661614727
MonoBehaviour:
  m_ObjectHideFlags: 0
  m_CorrespondingSourceObject: {fileID: 0}
  m_PrefabInstance: {fileID: 0}
  m_PrefabAsset: {fileID: 0}
  m_GameObject: {fileID: 0}
  m_Enabled: 1
  m_EditorHideFlags: 0
  m_Script: {fileID: 11500000, guid: f780aa281814f9842a7c076d436932e7, type: 3}
  m_Name: 
  m_EditorClassIdentifier: 
  m_UIIgnoredErrors: []
  m_Parent: {fileID: 8926484042661614724}
  m_Children: []
  m_UIPosition: {x: 0, y: 0}
  m_UICollapsed: 1
  m_UISuperCollapsed: 0
  m_MasterSlot: {fileID: 8926484042661614723}
  m_MasterData:
    m_Owner: {fileID: 0}
    m_Value:
      m_Type:
        m_SerializableType: 
      m_SerializableObject: 
    m_Space: 2147483647
  m_Property:
    name: z
    m_serializedType:
      m_SerializableType: System.Single, mscorlib, Version=4.0.0.0, Culture=neutral,
        PublicKeyToken=b77a5c561934e089
  m_Direction: 0
  m_LinkedSlots: []
--- !u!114 &8926484042661614748
MonoBehaviour:
  m_ObjectHideFlags: 0
  m_CorrespondingSourceObject: {fileID: 0}
  m_PrefabInstance: {fileID: 0}
  m_PrefabAsset: {fileID: 0}
  m_GameObject: {fileID: 0}
  m_Enabled: 1
  m_EditorHideFlags: 0
  m_Script: {fileID: 11500000, guid: a971fa2e110a0ac42ac1d8dae408704b, type: 3}
  m_Name: 
  m_EditorClassIdentifier: 
  m_UIIgnoredErrors: []
  m_Parent: {fileID: 8926484042661614645}
  m_Children: []
  m_UIPosition: {x: 0, y: 0}
  m_UICollapsed: 0
  m_UISuperCollapsed: 0
  m_InputSlots:
  - {fileID: 8926484042661614749}
  m_OutputSlots: []
  m_Disabled: 0
  m_ActivationSlot: {fileID: 8926484042661614984}
  attribute: angularVelocity
  Composition: 0
  Source: 0
  Random: 0
  channels: 2
--- !u!114 &8926484042661614749
MonoBehaviour:
  m_ObjectHideFlags: 0
  m_CorrespondingSourceObject: {fileID: 0}
  m_PrefabInstance: {fileID: 0}
  m_PrefabAsset: {fileID: 0}
  m_GameObject: {fileID: 0}
  m_Enabled: 1
  m_EditorHideFlags: 0
  m_Script: {fileID: 11500000, guid: f780aa281814f9842a7c076d436932e7, type: 3}
  m_Name: 
  m_EditorClassIdentifier: 
  m_UIIgnoredErrors: []
  m_Parent: {fileID: 0}
  m_Children: []
  m_UIPosition: {x: 0, y: 0}
  m_UICollapsed: 1
  m_UISuperCollapsed: 0
  m_MasterSlot: {fileID: 8926484042661614749}
  m_MasterData:
    m_Owner: {fileID: 8926484042661614748}
    m_Value:
      m_Type:
        m_SerializableType: System.Single, mscorlib, Version=4.0.0.0, Culture=neutral,
          PublicKeyToken=b77a5c561934e089
      m_SerializableObject: 720
    m_Space: 2147483647
  m_Property:
    name: AngularVelocity
    m_serializedType:
      m_SerializableType: System.Single, mscorlib, Version=4.0.0.0, Culture=neutral,
        PublicKeyToken=b77a5c561934e089
  m_Direction: 0
  m_LinkedSlots: []
--- !u!114 &8926484042661614756
MonoBehaviour:
  m_ObjectHideFlags: 0
  m_CorrespondingSourceObject: {fileID: 0}
  m_PrefabInstance: {fileID: 0}
  m_PrefabAsset: {fileID: 0}
  m_GameObject: {fileID: 0}
  m_Enabled: 1
  m_EditorHideFlags: 0
  m_Script: {fileID: 11500000, guid: 73a13919d81fb7444849bae8b5c812a2, type: 3}
  m_Name: 
  m_EditorClassIdentifier: 
  m_UIIgnoredErrors: []
  m_Parent: {fileID: 114350483966674976}
  m_Children:
  - {fileID: 8926484042661614777}
  - {fileID: 8926484042661614757}
  m_UIPosition: {x: 1075, y: -189}
  m_UICollapsed: 0
  m_UISuperCollapsed: 0
  m_InputSlots: []
  m_OutputSlots: []
  m_Label: 
  m_Data: {fileID: 8926484042661614979}
  m_InputFlowSlot:
  - link: []
  - link: []
  m_OutputFlowSlot:
  - link:
    - context: {fileID: 8926484042661614595}
      slotIndex: 0
  loopDuration: 0
  loopCount: 0
  delayBeforeLoop: 0
  delayAfterLoop: 0
--- !u!114 &8926484042661614757
MonoBehaviour:
  m_ObjectHideFlags: 0
  m_CorrespondingSourceObject: {fileID: 0}
  m_PrefabInstance: {fileID: 0}
  m_PrefabAsset: {fileID: 0}
  m_GameObject: {fileID: 0}
  m_Enabled: 1
  m_EditorHideFlags: 0
  m_Script: {fileID: 11500000, guid: 5e382412bb691334bb79457a6c127924, type: 3}
  m_Name: 
  m_EditorClassIdentifier: 
  m_UIIgnoredErrors: []
  m_Parent: {fileID: 8926484042661614756}
  m_Children: []
  m_UIPosition: {x: 0, y: 0}
  m_UICollapsed: 0
  m_UISuperCollapsed: 0
  m_InputSlots:
  - {fileID: 8926484042661614758}
  - {fileID: 8926484042661614759}
  m_OutputSlots: []
  m_Disabled: 0
  m_ActivationSlot: {fileID: 8926484042661614989}
  repeat: 0
  spawnMode: 0
  delayMode: 0
--- !u!114 &8926484042661614758
MonoBehaviour:
  m_ObjectHideFlags: 0
  m_CorrespondingSourceObject: {fileID: 0}
  m_PrefabInstance: {fileID: 0}
  m_PrefabAsset: {fileID: 0}
  m_GameObject: {fileID: 0}
  m_Enabled: 1
  m_EditorHideFlags: 0
  m_Script: {fileID: 11500000, guid: f780aa281814f9842a7c076d436932e7, type: 3}
  m_Name: 
  m_EditorClassIdentifier: 
  m_UIIgnoredErrors: []
  m_Parent: {fileID: 0}
  m_Children: []
  m_UIPosition: {x: 0, y: 0}
  m_UICollapsed: 1
  m_UISuperCollapsed: 0
  m_MasterSlot: {fileID: 8926484042661614758}
  m_MasterData:
    m_Owner: {fileID: 8926484042661614757}
    m_Value:
      m_Type:
        m_SerializableType: System.Single, mscorlib, Version=4.0.0.0, Culture=neutral,
          PublicKeyToken=b77a5c561934e089
      m_SerializableObject: 1
    m_Space: 2147483647
  m_Property:
    name: Count
    m_serializedType:
      m_SerializableType: System.Single, mscorlib, Version=4.0.0.0, Culture=neutral,
        PublicKeyToken=b77a5c561934e089
  m_Direction: 0
  m_LinkedSlots: []
--- !u!114 &8926484042661614759
MonoBehaviour:
  m_ObjectHideFlags: 0
  m_CorrespondingSourceObject: {fileID: 0}
  m_PrefabInstance: {fileID: 0}
  m_PrefabAsset: {fileID: 0}
  m_GameObject: {fileID: 0}
  m_Enabled: 1
  m_EditorHideFlags: 0
  m_Script: {fileID: 11500000, guid: f780aa281814f9842a7c076d436932e7, type: 3}
  m_Name: 
  m_EditorClassIdentifier: 
  m_UIIgnoredErrors: []
  m_Parent: {fileID: 0}
  m_Children: []
  m_UIPosition: {x: 0, y: 0}
  m_UICollapsed: 1
  m_UISuperCollapsed: 0
  m_MasterSlot: {fileID: 8926484042661614759}
  m_MasterData:
    m_Owner: {fileID: 8926484042661614757}
    m_Value:
      m_Type:
        m_SerializableType: System.Single, mscorlib, Version=4.0.0.0, Culture=neutral,
          PublicKeyToken=b77a5c561934e089
      m_SerializableObject: 0
    m_Space: 2147483647
  m_Property:
    name: Delay
    m_serializedType:
      m_SerializableType: System.Single, mscorlib, Version=4.0.0.0, Culture=neutral,
        PublicKeyToken=b77a5c561934e089
  m_Direction: 0
  m_LinkedSlots: []
--- !u!114 &8926484042661614765
MonoBehaviour:
  m_ObjectHideFlags: 0
  m_CorrespondingSourceObject: {fileID: 0}
  m_PrefabInstance: {fileID: 0}
  m_PrefabAsset: {fileID: 0}
  m_GameObject: {fileID: 0}
  m_Enabled: 1
  m_EditorHideFlags: 0
  m_Script: {fileID: 11500000, guid: e8f2b4a846fd4c14a893cde576ad172b, type: 3}
  m_Name: 
  m_EditorClassIdentifier: 
  m_UIIgnoredErrors: []
  m_Parent: {fileID: 0}
  m_Children:
  - {fileID: 8926484042661614766}
  m_UIPosition: {x: 0, y: 0}
  m_UICollapsed: 1
  m_UISuperCollapsed: 0
  m_MasterSlot: {fileID: 8926484042661614765}
  m_MasterData:
    m_Owner: {fileID: 8926484042661614653}
    m_Value:
      m_Type:
        m_SerializableType: UnityEditor.VFX.DirectionType, Unity.VisualEffectGraph.Editor,
          Version=0.0.0.0, Culture=neutral, PublicKeyToken=null
      m_SerializableObject: '{"direction":{"x":0.0,"y":1.0,"z":0.0}}'
    m_Space: 0
  m_Property:
    name: AxisZ
    m_serializedType:
      m_SerializableType: UnityEditor.VFX.DirectionType, Unity.VisualEffectGraph.Editor,
        Version=0.0.0.0, Culture=neutral, PublicKeyToken=null
  m_Direction: 0
  m_LinkedSlots: []
--- !u!114 &8926484042661614766
MonoBehaviour:
  m_ObjectHideFlags: 0
  m_CorrespondingSourceObject: {fileID: 0}
  m_PrefabInstance: {fileID: 0}
  m_PrefabAsset: {fileID: 0}
  m_GameObject: {fileID: 0}
  m_Enabled: 1
  m_EditorHideFlags: 0
  m_Script: {fileID: 11500000, guid: ac39bd03fca81b849929b9c966f1836a, type: 3}
  m_Name: 
  m_EditorClassIdentifier: 
  m_UIIgnoredErrors: []
  m_Parent: {fileID: 8926484042661614765}
  m_Children:
  - {fileID: 8926484042661614767}
  - {fileID: 8926484042661614768}
  - {fileID: 8926484042661614769}
  m_UIPosition: {x: 0, y: 0}
  m_UICollapsed: 1
  m_UISuperCollapsed: 0
  m_MasterSlot: {fileID: 8926484042661614765}
  m_MasterData:
    m_Owner: {fileID: 0}
    m_Value:
      m_Type:
        m_SerializableType: 
      m_SerializableObject: 
    m_Space: 2147483647
  m_Property:
    name: direction
    m_serializedType:
      m_SerializableType: UnityEngine.Vector3, UnityEngine.CoreModule, Version=0.0.0.0,
        Culture=neutral, PublicKeyToken=null
  m_Direction: 0
  m_LinkedSlots: []
--- !u!114 &8926484042661614767
MonoBehaviour:
  m_ObjectHideFlags: 0
  m_CorrespondingSourceObject: {fileID: 0}
  m_PrefabInstance: {fileID: 0}
  m_PrefabAsset: {fileID: 0}
  m_GameObject: {fileID: 0}
  m_Enabled: 1
  m_EditorHideFlags: 0
  m_Script: {fileID: 11500000, guid: f780aa281814f9842a7c076d436932e7, type: 3}
  m_Name: 
  m_EditorClassIdentifier: 
  m_UIIgnoredErrors: []
  m_Parent: {fileID: 8926484042661614766}
  m_Children: []
  m_UIPosition: {x: 0, y: 0}
  m_UICollapsed: 1
  m_UISuperCollapsed: 0
  m_MasterSlot: {fileID: 8926484042661614765}
  m_MasterData:
    m_Owner: {fileID: 0}
    m_Value:
      m_Type:
        m_SerializableType: 
      m_SerializableObject: 
    m_Space: 2147483647
  m_Property:
    name: x
    m_serializedType:
      m_SerializableType: System.Single, mscorlib, Version=4.0.0.0, Culture=neutral,
        PublicKeyToken=b77a5c561934e089
  m_Direction: 0
  m_LinkedSlots: []
--- !u!114 &8926484042661614768
MonoBehaviour:
  m_ObjectHideFlags: 0
  m_CorrespondingSourceObject: {fileID: 0}
  m_PrefabInstance: {fileID: 0}
  m_PrefabAsset: {fileID: 0}
  m_GameObject: {fileID: 0}
  m_Enabled: 1
  m_EditorHideFlags: 0
  m_Script: {fileID: 11500000, guid: f780aa281814f9842a7c076d436932e7, type: 3}
  m_Name: 
  m_EditorClassIdentifier: 
  m_UIIgnoredErrors: []
  m_Parent: {fileID: 8926484042661614766}
  m_Children: []
  m_UIPosition: {x: 0, y: 0}
  m_UICollapsed: 1
  m_UISuperCollapsed: 0
  m_MasterSlot: {fileID: 8926484042661614765}
  m_MasterData:
    m_Owner: {fileID: 0}
    m_Value:
      m_Type:
        m_SerializableType: 
      m_SerializableObject: 
    m_Space: 2147483647
  m_Property:
    name: y
    m_serializedType:
      m_SerializableType: System.Single, mscorlib, Version=4.0.0.0, Culture=neutral,
        PublicKeyToken=b77a5c561934e089
  m_Direction: 0
  m_LinkedSlots: []
--- !u!114 &8926484042661614769
MonoBehaviour:
  m_ObjectHideFlags: 0
  m_CorrespondingSourceObject: {fileID: 0}
  m_PrefabInstance: {fileID: 0}
  m_PrefabAsset: {fileID: 0}
  m_GameObject: {fileID: 0}
  m_Enabled: 1
  m_EditorHideFlags: 0
  m_Script: {fileID: 11500000, guid: f780aa281814f9842a7c076d436932e7, type: 3}
  m_Name: 
  m_EditorClassIdentifier: 
  m_UIIgnoredErrors: []
  m_Parent: {fileID: 8926484042661614766}
  m_Children: []
  m_UIPosition: {x: 0, y: 0}
  m_UICollapsed: 1
  m_UISuperCollapsed: 0
  m_MasterSlot: {fileID: 8926484042661614765}
  m_MasterData:
    m_Owner: {fileID: 0}
    m_Value:
      m_Type:
        m_SerializableType: 
      m_SerializableObject: 
    m_Space: 2147483647
  m_Property:
    name: z
    m_serializedType:
      m_SerializableType: System.Single, mscorlib, Version=4.0.0.0, Culture=neutral,
        PublicKeyToken=b77a5c561934e089
  m_Direction: 0
  m_LinkedSlots: []
--- !u!114 &8926484042661614770
MonoBehaviour:
  m_ObjectHideFlags: 0
  m_CorrespondingSourceObject: {fileID: 0}
  m_PrefabInstance: {fileID: 0}
  m_PrefabAsset: {fileID: 0}
  m_GameObject: {fileID: 0}
  m_Enabled: 1
  m_EditorHideFlags: 0
  m_Script: {fileID: 11500000, guid: a971fa2e110a0ac42ac1d8dae408704b, type: 3}
  m_Name: 
  m_EditorClassIdentifier: 
  m_UIIgnoredErrors: []
  m_Parent: {fileID: 8926484042661614595}
  m_Children: []
  m_UIPosition: {x: 0, y: 0}
  m_UICollapsed: 0
  m_UISuperCollapsed: 0
  m_InputSlots:
  - {fileID: 8926484042661614771}
  m_OutputSlots: []
  m_Disabled: 0
  m_ActivationSlot: {fileID: 8926484042661614983}
  attribute: pivot
  Composition: 0
  Source: 0
  Random: 0
  channels: 6
--- !u!114 &8926484042661614771
MonoBehaviour:
  m_ObjectHideFlags: 0
  m_CorrespondingSourceObject: {fileID: 0}
  m_PrefabInstance: {fileID: 0}
  m_PrefabAsset: {fileID: 0}
  m_GameObject: {fileID: 0}
  m_Enabled: 1
  m_EditorHideFlags: 0
  m_Script: {fileID: 11500000, guid: ac39bd03fca81b849929b9c966f1836a, type: 3}
  m_Name: 
  m_EditorClassIdentifier: 
  m_UIIgnoredErrors: []
  m_Parent: {fileID: 0}
  m_Children:
  - {fileID: 8926484042661614772}
  - {fileID: 8926484042661614773}
  - {fileID: 8926484042661614774}
  m_UIPosition: {x: 0, y: 0}
  m_UICollapsed: 1
  m_UISuperCollapsed: 0
  m_MasterSlot: {fileID: 8926484042661614771}
  m_MasterData:
    m_Owner: {fileID: 8926484042661614770}
    m_Value:
      m_Type:
        m_SerializableType: UnityEngine.Vector3, UnityEngine.CoreModule, Version=0.0.0.0,
          Culture=neutral, PublicKeyToken=null
      m_SerializableObject: '{"x":0.30000001192092898,"y":0.0,"z":0.0}'
    m_Space: 2147483647
  m_Property:
    name: Pivot
    m_serializedType:
      m_SerializableType: UnityEngine.Vector3, UnityEngine.CoreModule, Version=0.0.0.0,
        Culture=neutral, PublicKeyToken=null
  m_Direction: 0
  m_LinkedSlots: []
--- !u!114 &8926484042661614772
MonoBehaviour:
  m_ObjectHideFlags: 0
  m_CorrespondingSourceObject: {fileID: 0}
  m_PrefabInstance: {fileID: 0}
  m_PrefabAsset: {fileID: 0}
  m_GameObject: {fileID: 0}
  m_Enabled: 1
  m_EditorHideFlags: 0
  m_Script: {fileID: 11500000, guid: f780aa281814f9842a7c076d436932e7, type: 3}
  m_Name: 
  m_EditorClassIdentifier: 
  m_UIIgnoredErrors: []
  m_Parent: {fileID: 8926484042661614771}
  m_Children: []
  m_UIPosition: {x: 0, y: 0}
  m_UICollapsed: 1
  m_UISuperCollapsed: 0
  m_MasterSlot: {fileID: 8926484042661614771}
  m_MasterData:
    m_Owner: {fileID: 0}
    m_Value:
      m_Type:
        m_SerializableType: 
      m_SerializableObject: 
    m_Space: 2147483647
  m_Property:
    name: x
    m_serializedType:
      m_SerializableType: System.Single, mscorlib, Version=4.0.0.0, Culture=neutral,
        PublicKeyToken=b77a5c561934e089
  m_Direction: 0
  m_LinkedSlots: []
--- !u!114 &8926484042661614773
MonoBehaviour:
  m_ObjectHideFlags: 0
  m_CorrespondingSourceObject: {fileID: 0}
  m_PrefabInstance: {fileID: 0}
  m_PrefabAsset: {fileID: 0}
  m_GameObject: {fileID: 0}
  m_Enabled: 1
  m_EditorHideFlags: 0
  m_Script: {fileID: 11500000, guid: f780aa281814f9842a7c076d436932e7, type: 3}
  m_Name: 
  m_EditorClassIdentifier: 
  m_UIIgnoredErrors: []
  m_Parent: {fileID: 8926484042661614771}
  m_Children: []
  m_UIPosition: {x: 0, y: 0}
  m_UICollapsed: 1
  m_UISuperCollapsed: 0
  m_MasterSlot: {fileID: 8926484042661614771}
  m_MasterData:
    m_Owner: {fileID: 0}
    m_Value:
      m_Type:
        m_SerializableType: 
      m_SerializableObject: 
    m_Space: 2147483647
  m_Property:
    name: y
    m_serializedType:
      m_SerializableType: System.Single, mscorlib, Version=4.0.0.0, Culture=neutral,
        PublicKeyToken=b77a5c561934e089
  m_Direction: 0
  m_LinkedSlots: []
--- !u!114 &8926484042661614774
MonoBehaviour:
  m_ObjectHideFlags: 0
  m_CorrespondingSourceObject: {fileID: 0}
  m_PrefabInstance: {fileID: 0}
  m_PrefabAsset: {fileID: 0}
  m_GameObject: {fileID: 0}
  m_Enabled: 1
  m_EditorHideFlags: 0
  m_Script: {fileID: 11500000, guid: f780aa281814f9842a7c076d436932e7, type: 3}
  m_Name: 
  m_EditorClassIdentifier: 
  m_UIIgnoredErrors: []
  m_Parent: {fileID: 8926484042661614771}
  m_Children: []
  m_UIPosition: {x: 0, y: 0}
  m_UICollapsed: 1
  m_UISuperCollapsed: 0
  m_MasterSlot: {fileID: 8926484042661614771}
  m_MasterData:
    m_Owner: {fileID: 0}
    m_Value:
      m_Type:
        m_SerializableType: 
      m_SerializableObject: 
    m_Space: 2147483647
  m_Property:
    name: z
    m_serializedType:
      m_SerializableType: System.Single, mscorlib, Version=4.0.0.0, Culture=neutral,
        PublicKeyToken=b77a5c561934e089
  m_Direction: 0
  m_LinkedSlots: []
--- !u!114 &8926484042661614775
MonoBehaviour:
  m_ObjectHideFlags: 0
  m_CorrespondingSourceObject: {fileID: 0}
  m_PrefabInstance: {fileID: 0}
  m_PrefabAsset: {fileID: 0}
  m_GameObject: {fileID: 0}
  m_Enabled: 1
  m_EditorHideFlags: 0
  m_Script: {fileID: 11500000, guid: a971fa2e110a0ac42ac1d8dae408704b, type: 3}
  m_Name: 
  m_EditorClassIdentifier: 
  m_UIIgnoredErrors: []
  m_Parent: {fileID: 8926484042661614595}
  m_Children: []
  m_UIPosition: {x: 0, y: 0}
  m_UICollapsed: 0
  m_UISuperCollapsed: 0
  m_InputSlots:
  - {fileID: 8926484042661614776}
  m_OutputSlots: []
  m_Disabled: 0
  m_ActivationSlot: {fileID: 8926484042661614982}
  attribute: lifetime
  Composition: 0
  Source: 0
  Random: 0
  channels: 6
--- !u!114 &8926484042661614776
MonoBehaviour:
  m_ObjectHideFlags: 0
  m_CorrespondingSourceObject: {fileID: 0}
  m_PrefabInstance: {fileID: 0}
  m_PrefabAsset: {fileID: 0}
  m_GameObject: {fileID: 0}
  m_Enabled: 1
  m_EditorHideFlags: 0
  m_Script: {fileID: 11500000, guid: f780aa281814f9842a7c076d436932e7, type: 3}
  m_Name: 
  m_EditorClassIdentifier: 
  m_UIIgnoredErrors: []
  m_Parent: {fileID: 0}
  m_Children: []
  m_UIPosition: {x: 0, y: 0}
  m_UICollapsed: 1
  m_UISuperCollapsed: 0
  m_MasterSlot: {fileID: 8926484042661614776}
  m_MasterData:
    m_Owner: {fileID: 8926484042661614775}
    m_Value:
      m_Type:
        m_SerializableType: System.Single, mscorlib, Version=4.0.0.0, Culture=neutral,
          PublicKeyToken=b77a5c561934e089
      m_SerializableObject: 0.2
    m_Space: 2147483647
  m_Property:
    name: Lifetime
    m_serializedType:
      m_SerializableType: System.Single, mscorlib, Version=4.0.0.0, Culture=neutral,
        PublicKeyToken=b77a5c561934e089
  m_Direction: 0
  m_LinkedSlots: []
--- !u!114 &8926484042661614777
MonoBehaviour:
  m_ObjectHideFlags: 0
  m_CorrespondingSourceObject: {fileID: 0}
  m_PrefabInstance: {fileID: 0}
  m_PrefabAsset: {fileID: 0}
  m_GameObject: {fileID: 0}
  m_Enabled: 1
  m_EditorHideFlags: 0
  m_Script: {fileID: 11500000, guid: f05c6884b705ce14d82ae720f0ec209f, type: 3}
  m_Name: 
  m_EditorClassIdentifier: 
  m_UIIgnoredErrors: []
  m_Parent: {fileID: 8926484042661614756}
  m_Children: []
  m_UIPosition: {x: 0, y: 0}
  m_UICollapsed: 0
  m_UISuperCollapsed: 0
  m_InputSlots:
  - {fileID: 8926484042661614778}
  m_OutputSlots: []
  m_Disabled: 1
  m_ActivationSlot: {fileID: 8926484042661614988}
--- !u!114 &8926484042661614778
MonoBehaviour:
  m_ObjectHideFlags: 0
  m_CorrespondingSourceObject: {fileID: 0}
  m_PrefabInstance: {fileID: 0}
  m_PrefabAsset: {fileID: 0}
  m_GameObject: {fileID: 0}
  m_Enabled: 1
  m_EditorHideFlags: 0
  m_Script: {fileID: 11500000, guid: f780aa281814f9842a7c076d436932e7, type: 3}
  m_Name: 
  m_EditorClassIdentifier: 
  m_UIIgnoredErrors: []
  m_Parent: {fileID: 0}
  m_Children: []
  m_UIPosition: {x: 0, y: 0}
  m_UICollapsed: 1
  m_UISuperCollapsed: 0
  m_MasterSlot: {fileID: 8926484042661614778}
  m_MasterData:
    m_Owner: {fileID: 8926484042661614777}
    m_Value:
      m_Type:
        m_SerializableType: System.Single, mscorlib, Version=4.0.0.0, Culture=neutral,
          PublicKeyToken=b77a5c561934e089
      m_SerializableObject: 1
    m_Space: 2147483647
  m_Property:
    name: Rate
    m_serializedType:
      m_SerializableType: System.Single, mscorlib, Version=4.0.0.0, Culture=neutral,
        PublicKeyToken=b77a5c561934e089
  m_Direction: 0
  m_LinkedSlots: []
--- !u!114 &8926484042661614786
MonoBehaviour:
  m_ObjectHideFlags: 0
  m_CorrespondingSourceObject: {fileID: 0}
  m_PrefabInstance: {fileID: 0}
  m_PrefabAsset: {fileID: 0}
  m_GameObject: {fileID: 0}
  m_Enabled: 1
  m_EditorHideFlags: 0
  m_Script: {fileID: 11500000, guid: a971fa2e110a0ac42ac1d8dae408704b, type: 3}
  m_Name: 
  m_EditorClassIdentifier: 
  m_UIIgnoredErrors: []
  m_Parent: {fileID: 8926484042661614649}
  m_Children: []
  m_UIPosition: {x: 0, y: 0}
  m_UICollapsed: 0
  m_UISuperCollapsed: 0
  m_InputSlots:
  - {fileID: 8926484042661614787}
  m_OutputSlots: []
  m_Disabled: 0
  m_ActivationSlot: {fileID: 8926484042661614986}
  attribute: size
  Composition: 0
  Source: 0
  Random: 0
  channels: 6
--- !u!114 &8926484042661614787
MonoBehaviour:
  m_ObjectHideFlags: 0
  m_CorrespondingSourceObject: {fileID: 0}
  m_PrefabInstance: {fileID: 0}
  m_PrefabAsset: {fileID: 0}
  m_GameObject: {fileID: 0}
  m_Enabled: 1
  m_EditorHideFlags: 0
  m_Script: {fileID: 11500000, guid: f780aa281814f9842a7c076d436932e7, type: 3}
  m_Name: 
  m_EditorClassIdentifier: 
  m_UIIgnoredErrors: []
  m_Parent: {fileID: 0}
  m_Children: []
  m_UIPosition: {x: 0, y: 0}
  m_UICollapsed: 1
  m_UISuperCollapsed: 0
  m_MasterSlot: {fileID: 8926484042661614787}
  m_MasterData:
    m_Owner: {fileID: 8926484042661614786}
    m_Value:
      m_Type:
        m_SerializableType: System.Single, mscorlib, Version=4.0.0.0, Culture=neutral,
          PublicKeyToken=b77a5c561934e089
      m_SerializableObject: 3
    m_Space: 2147483647
  m_Property:
    name: Size
    m_serializedType:
      m_SerializableType: System.Single, mscorlib, Version=4.0.0.0, Culture=neutral,
        PublicKeyToken=b77a5c561934e089
  m_Direction: 0
  m_LinkedSlots:
  - {fileID: 8926484042661614978}
--- !u!114 &8926484042661614887
MonoBehaviour:
  m_ObjectHideFlags: 0
  m_CorrespondingSourceObject: {fileID: 0}
  m_PrefabInstance: {fileID: 0}
  m_PrefabAsset: {fileID: 0}
  m_GameObject: {fileID: 0}
  m_Enabled: 1
  m_EditorHideFlags: 0
  m_Script: {fileID: 11500000, guid: 955b0c175a6f3bb4582e92f3de8f0626, type: 3}
  m_Name: 
  m_EditorClassIdentifier: 
  m_UIIgnoredErrors: []
  m_Parent: {fileID: 114350483966674976}
  m_Children: []
  m_UIPosition: {x: 318, y: 1637}
  m_UICollapsed: 0
  m_UISuperCollapsed: 0
  m_InputSlots:
  - {fileID: 8926484042661614888}
  m_OutputSlots:
  - {fileID: 8926484042661614889}
  m_Type:
    m_SerializableType: UnityEngine.Gradient, UnityEngine.CoreModule, Version=0.0.0.0,
      Culture=neutral, PublicKeyToken=null
--- !u!114 &8926484042661614888
MonoBehaviour:
  m_ObjectHideFlags: 0
  m_CorrespondingSourceObject: {fileID: 0}
  m_PrefabInstance: {fileID: 0}
  m_PrefabAsset: {fileID: 0}
  m_GameObject: {fileID: 0}
  m_Enabled: 1
  m_EditorHideFlags: 0
  m_Script: {fileID: 11500000, guid: 76f778ff57c4e8145b9681fe3268d8e9, type: 3}
  m_Name: 
  m_EditorClassIdentifier: 
  m_UIIgnoredErrors: []
  m_Parent: {fileID: 0}
  m_Children: []
  m_UIPosition: {x: 0, y: 0}
  m_UICollapsed: 1
  m_UISuperCollapsed: 0
  m_MasterSlot: {fileID: 8926484042661614888}
  m_MasterData:
    m_Owner: {fileID: 8926484042661614887}
    m_Value:
      m_Type:
        m_SerializableType: UnityEngine.Gradient, UnityEngine.CoreModule, Version=0.0.0.0,
          Culture=neutral, PublicKeyToken=null
      m_SerializableObject: '{"colorKeys":[{"color":{"r":0.0,"g":9.818624496459961,"b":59.828704833984378,"a":1.0},"time":0.0},{"color":{"r":0.21404114365577699,"g":0.21404114365577699,"b":0.21404114365577699,"a":1.0},"time":1.0}],"alphaKeys":[{"alpha":0.0,"time":0.0},{"alpha":1.0,"time":0.10000763088464737},{"alpha":0.800000011920929,"time":0.800000011920929},{"alpha":0.0,"time":1.0}],"gradientMode":0}'
    m_Space: 2147483647
  m_Property:
    name: 
    m_serializedType:
      m_SerializableType: UnityEngine.Gradient, UnityEngine.CoreModule, Version=0.0.0.0,
        Culture=neutral, PublicKeyToken=null
  m_Direction: 0
  m_LinkedSlots: []
--- !u!114 &8926484042661614889
MonoBehaviour:
  m_ObjectHideFlags: 0
  m_CorrespondingSourceObject: {fileID: 0}
  m_PrefabInstance: {fileID: 0}
  m_PrefabAsset: {fileID: 0}
  m_GameObject: {fileID: 0}
  m_Enabled: 1
  m_EditorHideFlags: 0
  m_Script: {fileID: 11500000, guid: 76f778ff57c4e8145b9681fe3268d8e9, type: 3}
  m_Name: 
  m_EditorClassIdentifier: 
  m_UIIgnoredErrors: []
  m_Parent: {fileID: 0}
  m_Children: []
  m_UIPosition: {x: 0, y: 0}
  m_UICollapsed: 1
  m_UISuperCollapsed: 0
  m_MasterSlot: {fileID: 8926484042661614889}
  m_MasterData:
    m_Owner: {fileID: 8926484042661614887}
    m_Value:
      m_Type:
        m_SerializableType: UnityEngine.Gradient, UnityEngine.CoreModule, Version=0.0.0.0,
          Culture=neutral, PublicKeyToken=null
      m_SerializableObject: '{"colorKeys":[{"color":{"r":1.0,"g":1.0,"b":1.0,"a":1.0},"time":0.0},{"color":{"r":0.21404114365577699,"g":0.21404114365577699,"b":0.21404114365577699,"a":1.0},"time":1.0}],"alphaKeys":[{"alpha":0.0,"time":0.0},{"alpha":1.0,"time":0.10000763088464737},{"alpha":0.800000011920929,"time":0.800000011920929},{"alpha":0.0,"time":1.0}],"gradientMode":0}'
    m_Space: 2147483647
  m_Property:
    name: 
    m_serializedType:
      m_SerializableType: UnityEngine.Gradient, UnityEngine.CoreModule, Version=0.0.0.0,
        Culture=neutral, PublicKeyToken=null
  m_Direction: 1
  m_LinkedSlots:
  - {fileID: 8926484042661614956}
--- !u!114 &8926484042661614919
MonoBehaviour:
  m_ObjectHideFlags: 0
  m_CorrespondingSourceObject: {fileID: 0}
  m_PrefabInstance: {fileID: 0}
  m_PrefabAsset: {fileID: 0}
  m_GameObject: {fileID: 0}
  m_Enabled: 1
  m_EditorHideFlags: 0
  m_Script: {fileID: 11500000, guid: 330e0fca1717dde4aaa144f48232aa64, type: 3}
  m_Name: 
  m_EditorClassIdentifier: 
  m_UIIgnoredErrors: []
  m_Parent: {fileID: 114350483966674976}
  m_Children: []
  m_UIPosition: {x: 0, y: 0}
  m_UICollapsed: 0
  m_UISuperCollapsed: 0
  m_InputSlots: []
  m_OutputSlots:
  - {fileID: 8926484042661614920}
  m_ExposedName: SwordLevel
  m_Exposed: 1
  m_Order: 0
  m_Category: 
  m_Min:
    m_Type:
      m_SerializableType: 
    m_SerializableObject: 
  m_Max:
    m_Type:
      m_SerializableType: 
    m_SerializableObject: 
  m_IsOutput: 0
  m_EnumValues: []
  m_ValueFilter: 0
  m_Tooltip: 
  m_Nodes:
  - m_Id: 0
    linkedSlots:
    - outputSlot: {fileID: 8926484042661614920}
      inputSlot: {fileID: 8926484042661614980}
    - outputSlot: {fileID: 8926484042661614920}
      inputSlot: {fileID: 8926484042661614981}
    position: {x: 179, y: 1181}
    expandedSlots: []
    expanded: 0
--- !u!114 &8926484042661614920
MonoBehaviour:
  m_ObjectHideFlags: 0
  m_CorrespondingSourceObject: {fileID: 0}
  m_PrefabInstance: {fileID: 0}
  m_PrefabAsset: {fileID: 0}
  m_GameObject: {fileID: 0}
  m_Enabled: 1
  m_EditorHideFlags: 0
  m_Script: {fileID: 11500000, guid: 4d246e354feb93041a837a9ef59437cb, type: 3}
  m_Name: 
  m_EditorClassIdentifier: 
  m_UIIgnoredErrors: []
  m_Parent: {fileID: 0}
  m_Children: []
  m_UIPosition: {x: 0, y: 0}
  m_UICollapsed: 1
  m_UISuperCollapsed: 0
  m_MasterSlot: {fileID: 8926484042661614920}
  m_MasterData:
    m_Owner: {fileID: 8926484042661614919}
    m_Value:
      m_Type:
        m_SerializableType: System.Int32, mscorlib, Version=4.0.0.0, Culture=neutral,
          PublicKeyToken=b77a5c561934e089
      m_SerializableObject: 0
    m_Space: 2147483647
  m_Property:
    name: o
    m_serializedType:
      m_SerializableType: System.Int32, mscorlib, Version=4.0.0.0, Culture=neutral,
        PublicKeyToken=b77a5c561934e089
  m_Direction: 1
  m_LinkedSlots:
  - {fileID: 8926484042661614980}
  - {fileID: 8926484042661614981}
--- !u!114 &8926484042661614925
MonoBehaviour:
  m_ObjectHideFlags: 0
  m_CorrespondingSourceObject: {fileID: 0}
  m_PrefabInstance: {fileID: 0}
  m_PrefabAsset: {fileID: 0}
  m_GameObject: {fileID: 0}
  m_Enabled: 1
  m_EditorHideFlags: 0
  m_Script: {fileID: 11500000, guid: 955b0c175a6f3bb4582e92f3de8f0626, type: 3}
  m_Name: 
  m_EditorClassIdentifier: 
  m_UIIgnoredErrors: []
  m_Parent: {fileID: 114350483966674976}
  m_Children: []
  m_UIPosition: {x: 330, y: 1334}
  m_UICollapsed: 0
  m_UISuperCollapsed: 0
  m_InputSlots:
  - {fileID: 8926484042661614926}
  m_OutputSlots:
  - {fileID: 8926484042661614927}
  m_Type:
    m_SerializableType: UnityEngine.Gradient, UnityEngine.CoreModule, Version=0.0.0.0,
      Culture=neutral, PublicKeyToken=null
--- !u!114 &8926484042661614926
MonoBehaviour:
  m_ObjectHideFlags: 0
  m_CorrespondingSourceObject: {fileID: 0}
  m_PrefabInstance: {fileID: 0}
  m_PrefabAsset: {fileID: 0}
  m_GameObject: {fileID: 0}
  m_Enabled: 1
  m_EditorHideFlags: 0
  m_Script: {fileID: 11500000, guid: 76f778ff57c4e8145b9681fe3268d8e9, type: 3}
  m_Name: 
  m_EditorClassIdentifier: 
  m_UIIgnoredErrors: []
  m_Parent: {fileID: 0}
  m_Children: []
  m_UIPosition: {x: 0, y: 0}
  m_UICollapsed: 1
  m_UISuperCollapsed: 0
  m_MasterSlot: {fileID: 8926484042661614926}
  m_MasterData:
    m_Owner: {fileID: 8926484042661614925}
    m_Value:
      m_Type:
        m_SerializableType: UnityEngine.Gradient, UnityEngine.CoreModule, Version=0.0.0.0,
          Culture=neutral, PublicKeyToken=null
      m_SerializableObject: '{"colorKeys":[{"color":{"r":10.500672340393067,"g":10.500672340393067,"b":10.500672340393067,"a":1.0},"time":0.0},{"color":{"r":0.21404114365577699,"g":0.21404114365577699,"b":0.21404114365577699,"a":1.0},"time":1.0}],"alphaKeys":[{"alpha":0.0,"time":0.0},{"alpha":1.0,"time":0.10000763088464737},{"alpha":0.800000011920929,"time":0.800000011920929},{"alpha":0.0,"time":1.0}],"gradientMode":0}'
    m_Space: 2147483647
  m_Property:
    name: 
    m_serializedType:
      m_SerializableType: UnityEngine.Gradient, UnityEngine.CoreModule, Version=0.0.0.0,
        Culture=neutral, PublicKeyToken=null
  m_Direction: 0
  m_LinkedSlots: []
--- !u!114 &8926484042661614927
MonoBehaviour:
  m_ObjectHideFlags: 0
  m_CorrespondingSourceObject: {fileID: 0}
  m_PrefabInstance: {fileID: 0}
  m_PrefabAsset: {fileID: 0}
  m_GameObject: {fileID: 0}
  m_Enabled: 1
  m_EditorHideFlags: 0
  m_Script: {fileID: 11500000, guid: 76f778ff57c4e8145b9681fe3268d8e9, type: 3}
  m_Name: 
  m_EditorClassIdentifier: 
  m_UIIgnoredErrors: []
  m_Parent: {fileID: 0}
  m_Children: []
  m_UIPosition: {x: 0, y: 0}
  m_UICollapsed: 1
  m_UISuperCollapsed: 0
  m_MasterSlot: {fileID: 8926484042661614927}
  m_MasterData:
    m_Owner: {fileID: 8926484042661614925}
    m_Value:
      m_Type:
        m_SerializableType: UnityEngine.Gradient, UnityEngine.CoreModule, Version=0.0.0.0,
          Culture=neutral, PublicKeyToken=null
      m_SerializableObject: '{"colorKeys":[{"color":{"r":1.0,"g":1.0,"b":1.0,"a":1.0},"time":0.0},{"color":{"r":0.21404114365577699,"g":0.21404114365577699,"b":0.21404114365577699,"a":1.0},"time":1.0}],"alphaKeys":[{"alpha":0.0,"time":0.0},{"alpha":1.0,"time":0.10000763088464737},{"alpha":0.800000011920929,"time":0.800000011920929},{"alpha":0.0,"time":1.0}],"gradientMode":0}'
    m_Space: 2147483647
  m_Property:
    name: 
    m_serializedType:
      m_SerializableType: UnityEngine.Gradient, UnityEngine.CoreModule, Version=0.0.0.0,
        Culture=neutral, PublicKeyToken=null
  m_Direction: 1
  m_LinkedSlots:
  - {fileID: 8926484042661614954}
--- !u!114 &8926484042661614932
MonoBehaviour:
  m_ObjectHideFlags: 0
  m_CorrespondingSourceObject: {fileID: 0}
  m_PrefabInstance: {fileID: 0}
  m_PrefabAsset: {fileID: 0}
  m_GameObject: {fileID: 0}
  m_Enabled: 1
  m_EditorHideFlags: 0
  m_Script: {fileID: 11500000, guid: 1854130dd4d334240ae2035a3df553c8, type: 3}
  m_Name: 
  m_EditorClassIdentifier: 
  m_UIIgnoredErrors: []
  m_Parent: {fileID: 114350483966674976}
  m_Children: []
  m_UIPosition: {x: 657, y: 1293}
  m_UICollapsed: 0
  m_UISuperCollapsed: 0
  m_InputSlots:
  - {fileID: 8926484042661614980}
  - {fileID: 8926484042661614954}
  - {fileID: 8926484042661614955}
  - {fileID: 8926484042661614958}
  - {fileID: 8926484042661614956}
  m_OutputSlots:
  - {fileID: 8926484042661614957}
  m_Type:
    m_SerializableType: UnityEngine.Gradient, UnityEngine.CoreModule, Version=0.0.0.0,
      Culture=neutral, PublicKeyToken=null
  m_EntryCount: 3
  m_CustomCaseValue: 0
--- !u!114 &8926484042661614954
MonoBehaviour:
  m_ObjectHideFlags: 0
  m_CorrespondingSourceObject: {fileID: 0}
  m_PrefabInstance: {fileID: 0}
  m_PrefabAsset: {fileID: 0}
  m_GameObject: {fileID: 0}
  m_Enabled: 1
  m_EditorHideFlags: 0
  m_Script: {fileID: 11500000, guid: 76f778ff57c4e8145b9681fe3268d8e9, type: 3}
  m_Name: 
  m_EditorClassIdentifier: 
  m_UIIgnoredErrors: []
  m_Parent: {fileID: 0}
  m_Children: []
  m_UIPosition: {x: 0, y: 0}
  m_UICollapsed: 1
  m_UISuperCollapsed: 0
  m_MasterSlot: {fileID: 8926484042661614954}
  m_MasterData:
    m_Owner: {fileID: 8926484042661614932}
    m_Value:
      m_Type:
        m_SerializableType: UnityEngine.Gradient, UnityEngine.CoreModule, Version=0.0.0.0,
          Culture=neutral, PublicKeyToken=null
      m_SerializableObject: '{"colorKeys":[{"color":{"r":1.0,"g":1.0,"b":1.0,"a":1.0},"time":0.0},{"color":{"r":0.21404114365577699,"g":0.21404114365577699,"b":0.21404114365577699,"a":1.0},"time":1.0}],"alphaKeys":[{"alpha":0.0,"time":0.0},{"alpha":1.0,"time":0.10000763088464737},{"alpha":0.800000011920929,"time":0.800000011920929},{"alpha":0.0,"time":1.0}],"gradientMode":0}'
    m_Space: 2147483647
  m_Property:
    name: Value 0
    m_serializedType:
      m_SerializableType: UnityEngine.Gradient, UnityEngine.CoreModule, Version=0.0.0.0,
        Culture=neutral, PublicKeyToken=null
  m_Direction: 0
  m_LinkedSlots:
  - {fileID: 8926484042661614927}
--- !u!114 &8926484042661614955
MonoBehaviour:
  m_ObjectHideFlags: 0
  m_CorrespondingSourceObject: {fileID: 0}
  m_PrefabInstance: {fileID: 0}
  m_PrefabAsset: {fileID: 0}
  m_GameObject: {fileID: 0}
  m_Enabled: 1
  m_EditorHideFlags: 0
  m_Script: {fileID: 11500000, guid: 76f778ff57c4e8145b9681fe3268d8e9, type: 3}
  m_Name: 
  m_EditorClassIdentifier: 
  m_UIIgnoredErrors: []
  m_Parent: {fileID: 0}
  m_Children: []
  m_UIPosition: {x: 0, y: 0}
  m_UICollapsed: 1
  m_UISuperCollapsed: 0
  m_MasterSlot: {fileID: 8926484042661614955}
  m_MasterData:
    m_Owner: {fileID: 8926484042661614932}
    m_Value:
      m_Type:
        m_SerializableType: UnityEngine.Gradient, UnityEngine.CoreModule, Version=0.0.0.0,
          Culture=neutral, PublicKeyToken=null
      m_SerializableObject: '{"colorKeys":[{"color":{"r":1.0,"g":1.0,"b":1.0,"a":1.0},"time":0.0},{"color":{"r":0.21404114365577699,"g":0.21404114365577699,"b":0.21404114365577699,"a":1.0},"time":1.0}],"alphaKeys":[{"alpha":0.0,"time":0.0},{"alpha":1.0,"time":0.10000763088464737},{"alpha":0.800000011920929,"time":0.800000011920929},{"alpha":0.0,"time":1.0}],"gradientMode":0}'
    m_Space: 2147483647
  m_Property:
    name: Value 1
    m_serializedType:
      m_SerializableType: UnityEngine.Gradient, UnityEngine.CoreModule, Version=0.0.0.0,
        Culture=neutral, PublicKeyToken=null
  m_Direction: 0
  m_LinkedSlots:
  - {fileID: 8926484042661614963}
--- !u!114 &8926484042661614956
MonoBehaviour:
  m_ObjectHideFlags: 0
  m_CorrespondingSourceObject: {fileID: 0}
  m_PrefabInstance: {fileID: 0}
  m_PrefabAsset: {fileID: 0}
  m_GameObject: {fileID: 0}
  m_Enabled: 1
  m_EditorHideFlags: 0
  m_Script: {fileID: 11500000, guid: 76f778ff57c4e8145b9681fe3268d8e9, type: 3}
  m_Name: 
  m_EditorClassIdentifier: 
  m_UIIgnoredErrors: []
  m_Parent: {fileID: 0}
  m_Children: []
  m_UIPosition: {x: 0, y: 0}
  m_UICollapsed: 1
  m_UISuperCollapsed: 0
  m_MasterSlot: {fileID: 8926484042661614956}
  m_MasterData:
    m_Owner: {fileID: 8926484042661614932}
    m_Value:
      m_Type:
        m_SerializableType: UnityEngine.Gradient, UnityEngine.CoreModule, Version=0.0.0.0,
          Culture=neutral, PublicKeyToken=null
      m_SerializableObject: '{"colorKeys":[{"color":{"r":1.0,"g":1.0,"b":1.0,"a":1.0},"time":0.0},{"color":{"r":0.21404114365577699,"g":0.21404114365577699,"b":0.21404114365577699,"a":1.0},"time":1.0}],"alphaKeys":[{"alpha":0.0,"time":0.0},{"alpha":1.0,"time":0.10000763088464737},{"alpha":0.800000011920929,"time":0.800000011920929},{"alpha":0.0,"time":1.0}],"gradientMode":0}'
    m_Space: 2147483647
  m_Property:
    name: default
    m_serializedType:
      m_SerializableType: UnityEngine.Gradient, UnityEngine.CoreModule, Version=0.0.0.0,
        Culture=neutral, PublicKeyToken=null
  m_Direction: 0
  m_LinkedSlots:
  - {fileID: 8926484042661614889}
--- !u!114 &8926484042661614957
MonoBehaviour:
  m_ObjectHideFlags: 0
  m_CorrespondingSourceObject: {fileID: 0}
  m_PrefabInstance: {fileID: 0}
  m_PrefabAsset: {fileID: 0}
  m_GameObject: {fileID: 0}
  m_Enabled: 1
  m_EditorHideFlags: 0
  m_Script: {fileID: 11500000, guid: 76f778ff57c4e8145b9681fe3268d8e9, type: 3}
  m_Name: 
  m_EditorClassIdentifier: 
  m_UIIgnoredErrors: []
  m_Parent: {fileID: 0}
  m_Children: []
  m_UIPosition: {x: 0, y: 0}
  m_UICollapsed: 1
  m_UISuperCollapsed: 0
  m_MasterSlot: {fileID: 8926484042661614957}
  m_MasterData:
    m_Owner: {fileID: 8926484042661614932}
    m_Value:
      m_Type:
        m_SerializableType: UnityEngine.Gradient, UnityEngine.CoreModule, Version=0.0.0.0,
          Culture=neutral, PublicKeyToken=null
      m_SerializableObject: '{"colorKeys":[{"color":{"r":1.0,"g":1.0,"b":1.0,"a":1.0},"time":0.0},{"color":{"r":1.0,"g":1.0,"b":1.0,"a":1.0},"time":1.0}],"alphaKeys":[{"alpha":1.0,"time":0.0},{"alpha":1.0,"time":1.0}],"gradientMode":0}'
    m_Space: 2147483647
  m_Property:
    name: 
    m_serializedType:
      m_SerializableType: UnityEngine.Gradient, UnityEngine.CoreModule, Version=0.0.0.0,
        Culture=neutral, PublicKeyToken=null
  m_Direction: 1
  m_LinkedSlots:
  - {fileID: 8926484042661614658}
--- !u!114 &8926484042661614958
MonoBehaviour:
  m_ObjectHideFlags: 0
  m_CorrespondingSourceObject: {fileID: 0}
  m_PrefabInstance: {fileID: 0}
  m_PrefabAsset: {fileID: 0}
  m_GameObject: {fileID: 0}
  m_Enabled: 1
  m_EditorHideFlags: 0
  m_Script: {fileID: 11500000, guid: 76f778ff57c4e8145b9681fe3268d8e9, type: 3}
  m_Name: 
  m_EditorClassIdentifier: 
  m_UIIgnoredErrors: []
  m_Parent: {fileID: 0}
  m_Children: []
  m_UIPosition: {x: 0, y: 0}
  m_UICollapsed: 1
  m_UISuperCollapsed: 0
  m_MasterSlot: {fileID: 8926484042661614958}
  m_MasterData:
    m_Owner: {fileID: 8926484042661614932}
    m_Value:
      m_Type:
        m_SerializableType: UnityEngine.Gradient, UnityEngine.CoreModule, Version=0.0.0.0,
          Culture=neutral, PublicKeyToken=null
      m_SerializableObject: '{"colorKeys":[{"color":{"r":1.0,"g":1.0,"b":1.0,"a":1.0},"time":0.0},{"color":{"r":0.21404114365577699,"g":0.21404114365577699,"b":0.21404114365577699,"a":1.0},"time":1.0}],"alphaKeys":[{"alpha":0.0,"time":0.0},{"alpha":1.0,"time":0.10000763088464737},{"alpha":0.800000011920929,"time":0.800000011920929},{"alpha":0.0,"time":1.0}],"gradientMode":0}'
    m_Space: 2147483647
  m_Property:
    name: Value 2
    m_serializedType:
      m_SerializableType: UnityEngine.Gradient, UnityEngine.CoreModule, Version=0.0.0.0,
        Culture=neutral, PublicKeyToken=null
  m_Direction: 0
  m_LinkedSlots:
  - {fileID: 8926484042661614966}
--- !u!114 &8926484042661614961
MonoBehaviour:
  m_ObjectHideFlags: 0
  m_CorrespondingSourceObject: {fileID: 0}
  m_PrefabInstance: {fileID: 0}
  m_PrefabAsset: {fileID: 0}
  m_GameObject: {fileID: 0}
  m_Enabled: 1
  m_EditorHideFlags: 0
  m_Script: {fileID: 11500000, guid: 955b0c175a6f3bb4582e92f3de8f0626, type: 3}
  m_Name: 
  m_EditorClassIdentifier: 
  m_UIIgnoredErrors: []
  m_Parent: {fileID: 114350483966674976}
  m_Children: []
  m_UIPosition: {x: 322, y: 1428}
  m_UICollapsed: 0
  m_UISuperCollapsed: 0
  m_InputSlots:
  - {fileID: 8926484042661614962}
  m_OutputSlots:
  - {fileID: 8926484042661614963}
  m_Type:
    m_SerializableType: UnityEngine.Gradient, UnityEngine.CoreModule, Version=0.0.0.0,
      Culture=neutral, PublicKeyToken=null
--- !u!114 &8926484042661614962
MonoBehaviour:
  m_ObjectHideFlags: 0
  m_CorrespondingSourceObject: {fileID: 0}
  m_PrefabInstance: {fileID: 0}
  m_PrefabAsset: {fileID: 0}
  m_GameObject: {fileID: 0}
  m_Enabled: 1
  m_EditorHideFlags: 0
  m_Script: {fileID: 11500000, guid: 76f778ff57c4e8145b9681fe3268d8e9, type: 3}
  m_Name: 
  m_EditorClassIdentifier: 
  m_UIIgnoredErrors: []
  m_Parent: {fileID: 0}
  m_Children: []
  m_UIPosition: {x: 0, y: 0}
  m_UICollapsed: 1
  m_UISuperCollapsed: 0
  m_MasterSlot: {fileID: 8926484042661614962}
  m_MasterData:
    m_Owner: {fileID: 8926484042661614961}
    m_Value:
      m_Type:
        m_SerializableType: UnityEngine.Gradient, UnityEngine.CoreModule, Version=0.0.0.0,
          Culture=neutral, PublicKeyToken=null
      m_SerializableObject: '{"colorKeys":[{"color":{"r":59.828704833984378,"g":0.2553806006908417,"b":0.0,"a":1.0},"time":0.0},{"color":{"r":0.21404114365577699,"g":0.21404114365577699,"b":0.21404114365577699,"a":1.0},"time":1.0}],"alphaKeys":[{"alpha":0.0,"time":0.0},{"alpha":1.0,"time":0.10000763088464737},{"alpha":0.800000011920929,"time":0.800000011920929},{"alpha":0.0,"time":1.0}],"gradientMode":0}'
    m_Space: 2147483647
  m_Property:
    name: 
    m_serializedType:
      m_SerializableType: UnityEngine.Gradient, UnityEngine.CoreModule, Version=0.0.0.0,
        Culture=neutral, PublicKeyToken=null
  m_Direction: 0
  m_LinkedSlots: []
--- !u!114 &8926484042661614963
MonoBehaviour:
  m_ObjectHideFlags: 0
  m_CorrespondingSourceObject: {fileID: 0}
  m_PrefabInstance: {fileID: 0}
  m_PrefabAsset: {fileID: 0}
  m_GameObject: {fileID: 0}
  m_Enabled: 1
  m_EditorHideFlags: 0
  m_Script: {fileID: 11500000, guid: 76f778ff57c4e8145b9681fe3268d8e9, type: 3}
  m_Name: 
  m_EditorClassIdentifier: 
  m_UIIgnoredErrors: []
  m_Parent: {fileID: 0}
  m_Children: []
  m_UIPosition: {x: 0, y: 0}
  m_UICollapsed: 1
  m_UISuperCollapsed: 0
  m_MasterSlot: {fileID: 8926484042661614963}
  m_MasterData:
    m_Owner: {fileID: 8926484042661614961}
    m_Value:
      m_Type:
        m_SerializableType: UnityEngine.Gradient, UnityEngine.CoreModule, Version=0.0.0.0,
          Culture=neutral, PublicKeyToken=null
      m_SerializableObject: '{"colorKeys":[{"color":{"r":1.0,"g":1.0,"b":1.0,"a":1.0},"time":0.0},{"color":{"r":0.21404114365577699,"g":0.21404114365577699,"b":0.21404114365577699,"a":1.0},"time":1.0}],"alphaKeys":[{"alpha":0.0,"time":0.0},{"alpha":1.0,"time":0.10000763088464737},{"alpha":0.800000011920929,"time":0.800000011920929},{"alpha":0.0,"time":1.0}],"gradientMode":0}'
    m_Space: 2147483647
  m_Property:
    name: 
    m_serializedType:
      m_SerializableType: UnityEngine.Gradient, UnityEngine.CoreModule, Version=0.0.0.0,
        Culture=neutral, PublicKeyToken=null
  m_Direction: 1
  m_LinkedSlots:
  - {fileID: 8926484042661614955}
--- !u!114 &8926484042661614964
MonoBehaviour:
  m_ObjectHideFlags: 0
  m_CorrespondingSourceObject: {fileID: 0}
  m_PrefabInstance: {fileID: 0}
  m_PrefabAsset: {fileID: 0}
  m_GameObject: {fileID: 0}
  m_Enabled: 1
  m_EditorHideFlags: 0
  m_Script: {fileID: 11500000, guid: 955b0c175a6f3bb4582e92f3de8f0626, type: 3}
  m_Name: 
  m_EditorClassIdentifier: 
  m_UIIgnoredErrors: []
  m_Parent: {fileID: 114350483966674976}
  m_Children: []
  m_UIPosition: {x: 305, y: 1530}
  m_UICollapsed: 0
  m_UISuperCollapsed: 0
  m_InputSlots:
  - {fileID: 8926484042661614965}
  m_OutputSlots:
  - {fileID: 8926484042661614966}
  m_Type:
    m_SerializableType: UnityEngine.Gradient, UnityEngine.CoreModule, Version=0.0.0.0,
      Culture=neutral, PublicKeyToken=null
--- !u!114 &8926484042661614965
MonoBehaviour:
  m_ObjectHideFlags: 0
  m_CorrespondingSourceObject: {fileID: 0}
  m_PrefabInstance: {fileID: 0}
  m_PrefabAsset: {fileID: 0}
  m_GameObject: {fileID: 0}
  m_Enabled: 1
  m_EditorHideFlags: 0
  m_Script: {fileID: 11500000, guid: 76f778ff57c4e8145b9681fe3268d8e9, type: 3}
  m_Name: 
  m_EditorClassIdentifier: 
  m_UIIgnoredErrors: []
  m_Parent: {fileID: 0}
  m_Children: []
  m_UIPosition: {x: 0, y: 0}
  m_UICollapsed: 1
  m_UISuperCollapsed: 0
  m_MasterSlot: {fileID: 8926484042661614965}
  m_MasterData:
    m_Owner: {fileID: 8926484042661614964}
    m_Value:
      m_Type:
        m_SerializableType: UnityEngine.Gradient, UnityEngine.CoreModule, Version=0.0.0.0,
          Culture=neutral, PublicKeyToken=null
      m_SerializableObject: '{"colorKeys":[{"color":{"r":59.828704833984378,"g":46.038021087646487,"b":0.0,"a":1.0},"time":0.0},{"color":{"r":0.21404114365577699,"g":0.21404114365577699,"b":0.21404114365577699,"a":1.0},"time":1.0}],"alphaKeys":[{"alpha":0.0,"time":0.0},{"alpha":1.0,"time":0.10000763088464737},{"alpha":0.800000011920929,"time":0.800000011920929},{"alpha":0.0,"time":1.0}],"gradientMode":0}'
    m_Space: 2147483647
  m_Property:
    name: 
    m_serializedType:
      m_SerializableType: UnityEngine.Gradient, UnityEngine.CoreModule, Version=0.0.0.0,
        Culture=neutral, PublicKeyToken=null
  m_Direction: 0
  m_LinkedSlots: []
--- !u!114 &8926484042661614966
MonoBehaviour:
  m_ObjectHideFlags: 0
  m_CorrespondingSourceObject: {fileID: 0}
  m_PrefabInstance: {fileID: 0}
  m_PrefabAsset: {fileID: 0}
  m_GameObject: {fileID: 0}
  m_Enabled: 1
  m_EditorHideFlags: 0
  m_Script: {fileID: 11500000, guid: 76f778ff57c4e8145b9681fe3268d8e9, type: 3}
  m_Name: 
  m_EditorClassIdentifier: 
  m_UIIgnoredErrors: []
  m_Parent: {fileID: 0}
  m_Children: []
  m_UIPosition: {x: 0, y: 0}
  m_UICollapsed: 1
  m_UISuperCollapsed: 0
  m_MasterSlot: {fileID: 8926484042661614966}
  m_MasterData:
    m_Owner: {fileID: 8926484042661614964}
    m_Value:
      m_Type:
        m_SerializableType: UnityEngine.Gradient, UnityEngine.CoreModule, Version=0.0.0.0,
          Culture=neutral, PublicKeyToken=null
      m_SerializableObject: '{"colorKeys":[{"color":{"r":1.0,"g":1.0,"b":1.0,"a":1.0},"time":0.0},{"color":{"r":0.21404114365577699,"g":0.21404114365577699,"b":0.21404114365577699,"a":1.0},"time":1.0}],"alphaKeys":[{"alpha":0.0,"time":0.0},{"alpha":1.0,"time":0.10000763088464737},{"alpha":0.800000011920929,"time":0.800000011920929},{"alpha":0.0,"time":1.0}],"gradientMode":0}'
    m_Space: 2147483647
  m_Property:
    name: 
    m_serializedType:
      m_SerializableType: UnityEngine.Gradient, UnityEngine.CoreModule, Version=0.0.0.0,
        Culture=neutral, PublicKeyToken=null
  m_Direction: 1
  m_LinkedSlots:
  - {fileID: 8926484042661614958}
--- !u!114 &8926484042661614967
MonoBehaviour:
  m_ObjectHideFlags: 0
  m_CorrespondingSourceObject: {fileID: 0}
  m_PrefabInstance: {fileID: 0}
  m_PrefabAsset: {fileID: 0}
  m_GameObject: {fileID: 0}
  m_Enabled: 1
  m_EditorHideFlags: 0
  m_Script: {fileID: 11500000, guid: 1854130dd4d334240ae2035a3df553c8, type: 3}
  m_Name: 
  m_EditorClassIdentifier: 
  m_UIIgnoredErrors: []
  m_Parent: {fileID: 114350483966674976}
  m_Children: []
  m_UIPosition: {x: 660, y: 1092}
  m_UICollapsed: 0
  m_UISuperCollapsed: 0
  m_InputSlots:
  - {fileID: 8926484042661614981}
  - {fileID: 8926484042661614974}
  - {fileID: 8926484042661614975}
  - {fileID: 8926484042661614976}
  - {fileID: 8926484042661614977}
  m_OutputSlots:
  - {fileID: 8926484042661614978}
  m_Type:
    m_SerializableType: System.Single, mscorlib, Version=4.0.0.0, Culture=neutral,
      PublicKeyToken=b77a5c561934e089
  m_EntryCount: 3
  m_CustomCaseValue: 0
--- !u!114 &8926484042661614974
MonoBehaviour:
  m_ObjectHideFlags: 0
  m_CorrespondingSourceObject: {fileID: 0}
  m_PrefabInstance: {fileID: 0}
  m_PrefabAsset: {fileID: 0}
  m_GameObject: {fileID: 0}
  m_Enabled: 1
  m_EditorHideFlags: 0
  m_Script: {fileID: 11500000, guid: f780aa281814f9842a7c076d436932e7, type: 3}
  m_Name: 
  m_EditorClassIdentifier: 
  m_UIIgnoredErrors: []
  m_Parent: {fileID: 0}
  m_Children: []
  m_UIPosition: {x: 0, y: 0}
  m_UICollapsed: 1
  m_UISuperCollapsed: 0
  m_MasterSlot: {fileID: 8926484042661614974}
  m_MasterData:
    m_Owner: {fileID: 8926484042661614967}
    m_Value:
      m_Type:
        m_SerializableType: System.Single, mscorlib, Version=4.0.0.0, Culture=neutral,
          PublicKeyToken=b77a5c561934e089
      m_SerializableObject: 3
    m_Space: 2147483647
  m_Property:
    name: Value 0
    m_serializedType:
      m_SerializableType: System.Single, mscorlib, Version=4.0.0.0, Culture=neutral,
        PublicKeyToken=b77a5c561934e089
  m_Direction: 0
  m_LinkedSlots: []
--- !u!114 &8926484042661614975
MonoBehaviour:
  m_ObjectHideFlags: 0
  m_CorrespondingSourceObject: {fileID: 0}
  m_PrefabInstance: {fileID: 0}
  m_PrefabAsset: {fileID: 0}
  m_GameObject: {fileID: 0}
  m_Enabled: 1
  m_EditorHideFlags: 0
  m_Script: {fileID: 11500000, guid: f780aa281814f9842a7c076d436932e7, type: 3}
  m_Name: 
  m_EditorClassIdentifier: 
  m_UIIgnoredErrors: []
  m_Parent: {fileID: 0}
  m_Children: []
  m_UIPosition: {x: 0, y: 0}
  m_UICollapsed: 1
  m_UISuperCollapsed: 0
  m_MasterSlot: {fileID: 8926484042661614975}
  m_MasterData:
    m_Owner: {fileID: 8926484042661614967}
    m_Value:
      m_Type:
        m_SerializableType: System.Single, mscorlib, Version=4.0.0.0, Culture=neutral,
          PublicKeyToken=b77a5c561934e089
      m_SerializableObject: 4
    m_Space: 2147483647
  m_Property:
    name: Value 1
    m_serializedType:
      m_SerializableType: System.Single, mscorlib, Version=4.0.0.0, Culture=neutral,
        PublicKeyToken=b77a5c561934e089
  m_Direction: 0
  m_LinkedSlots: []
--- !u!114 &8926484042661614976
MonoBehaviour:
  m_ObjectHideFlags: 0
  m_CorrespondingSourceObject: {fileID: 0}
  m_PrefabInstance: {fileID: 0}
  m_PrefabAsset: {fileID: 0}
  m_GameObject: {fileID: 0}
  m_Enabled: 1
  m_EditorHideFlags: 0
  m_Script: {fileID: 11500000, guid: f780aa281814f9842a7c076d436932e7, type: 3}
  m_Name: 
  m_EditorClassIdentifier: 
  m_UIIgnoredErrors: []
  m_Parent: {fileID: 0}
  m_Children: []
  m_UIPosition: {x: 0, y: 0}
  m_UICollapsed: 1
  m_UISuperCollapsed: 0
  m_MasterSlot: {fileID: 8926484042661614976}
  m_MasterData:
    m_Owner: {fileID: 8926484042661614967}
    m_Value:
      m_Type:
        m_SerializableType: System.Single, mscorlib, Version=4.0.0.0, Culture=neutral,
          PublicKeyToken=b77a5c561934e089
      m_SerializableObject: 5
    m_Space: 2147483647
  m_Property:
    name: Value 2
    m_serializedType:
      m_SerializableType: System.Single, mscorlib, Version=4.0.0.0, Culture=neutral,
        PublicKeyToken=b77a5c561934e089
  m_Direction: 0
  m_LinkedSlots: []
--- !u!114 &8926484042661614977
MonoBehaviour:
  m_ObjectHideFlags: 0
  m_CorrespondingSourceObject: {fileID: 0}
  m_PrefabInstance: {fileID: 0}
  m_PrefabAsset: {fileID: 0}
  m_GameObject: {fileID: 0}
  m_Enabled: 1
  m_EditorHideFlags: 0
  m_Script: {fileID: 11500000, guid: f780aa281814f9842a7c076d436932e7, type: 3}
  m_Name: 
  m_EditorClassIdentifier: 
  m_UIIgnoredErrors: []
  m_Parent: {fileID: 0}
  m_Children: []
  m_UIPosition: {x: 0, y: 0}
  m_UICollapsed: 1
  m_UISuperCollapsed: 0
  m_MasterSlot: {fileID: 8926484042661614977}
  m_MasterData:
    m_Owner: {fileID: 8926484042661614967}
    m_Value:
      m_Type:
        m_SerializableType: System.Single, mscorlib, Version=4.0.0.0, Culture=neutral,
          PublicKeyToken=b77a5c561934e089
      m_SerializableObject: 6
    m_Space: 2147483647
  m_Property:
    name: default
    m_serializedType:
      m_SerializableType: System.Single, mscorlib, Version=4.0.0.0, Culture=neutral,
        PublicKeyToken=b77a5c561934e089
  m_Direction: 0
  m_LinkedSlots: []
--- !u!114 &8926484042661614978
MonoBehaviour:
  m_ObjectHideFlags: 0
  m_CorrespondingSourceObject: {fileID: 0}
  m_PrefabInstance: {fileID: 0}
  m_PrefabAsset: {fileID: 0}
  m_GameObject: {fileID: 0}
  m_Enabled: 1
  m_EditorHideFlags: 0
  m_Script: {fileID: 11500000, guid: f780aa281814f9842a7c076d436932e7, type: 3}
  m_Name: 
  m_EditorClassIdentifier: 
  m_UIIgnoredErrors: []
  m_Parent: {fileID: 0}
  m_Children: []
  m_UIPosition: {x: 0, y: 0}
  m_UICollapsed: 1
  m_UISuperCollapsed: 0
  m_MasterSlot: {fileID: 8926484042661614978}
  m_MasterData:
    m_Owner: {fileID: 8926484042661614967}
    m_Value:
      m_Type:
        m_SerializableType: System.Single, mscorlib, Version=4.0.0.0, Culture=neutral,
          PublicKeyToken=b77a5c561934e089
      m_SerializableObject: 
    m_Space: 2147483647
  m_Property:
    name: 
    m_serializedType:
      m_SerializableType: System.Single, mscorlib, Version=4.0.0.0, Culture=neutral,
        PublicKeyToken=b77a5c561934e089
  m_Direction: 1
  m_LinkedSlots:
  - {fileID: 8926484042661614787}
--- !u!114 &8926484042661614979
MonoBehaviour:
  m_ObjectHideFlags: 0
  m_CorrespondingSourceObject: {fileID: 0}
  m_PrefabInstance: {fileID: 0}
  m_PrefabAsset: {fileID: 0}
  m_GameObject: {fileID: 0}
  m_Enabled: 1
  m_EditorHideFlags: 0
  m_Script: {fileID: 11500000, guid: f68759077adc0b143b6e1c101e82065e, type: 3}
  m_Name: 
  m_EditorClassIdentifier: 
  m_UIIgnoredErrors: []
  m_Parent: {fileID: 114350483966674976}
  m_Children: []
  m_UIPosition: {x: 0, y: 0}
  m_UICollapsed: 1
  m_UISuperCollapsed: 0
  title: 
  m_Owners:
  - {fileID: 8926484042661614756}
--- !u!114 &8926484042661614980
MonoBehaviour:
  m_ObjectHideFlags: 0
  m_CorrespondingSourceObject: {fileID: 0}
  m_PrefabInstance: {fileID: 0}
  m_PrefabAsset: {fileID: 0}
  m_GameObject: {fileID: 0}
  m_Enabled: 1
  m_EditorHideFlags: 0
  m_Script: {fileID: 11500000, guid: c52d920e7fff73b498050a6b3c4404ca, type: 3}
  m_Name: 
  m_EditorClassIdentifier: 
  m_UIIgnoredErrors: []
  m_Parent: {fileID: 0}
  m_Children: []
  m_UIPosition: {x: 0, y: 0}
  m_UICollapsed: 1
  m_UISuperCollapsed: 0
  m_MasterSlot: {fileID: 8926484042661614980}
  m_MasterData:
    m_Owner: {fileID: 8926484042661614932}
    m_Value:
      m_Type:
        m_SerializableType: System.UInt32, mscorlib, Version=4.0.0.0, Culture=neutral,
          PublicKeyToken=b77a5c561934e089
      m_SerializableObject: 0
    m_Space: 2147483647
  m_Property:
    name: testValue
    m_serializedType:
      m_SerializableType: System.UInt32, mscorlib, Version=4.0.0.0, Culture=neutral,
        PublicKeyToken=b77a5c561934e089
  m_Direction: 0
  m_LinkedSlots:
  - {fileID: 8926484042661614920}
--- !u!114 &8926484042661614981
MonoBehaviour:
  m_ObjectHideFlags: 0
  m_CorrespondingSourceObject: {fileID: 0}
  m_PrefabInstance: {fileID: 0}
  m_PrefabAsset: {fileID: 0}
  m_GameObject: {fileID: 0}
  m_Enabled: 1
  m_EditorHideFlags: 0
  m_Script: {fileID: 11500000, guid: c52d920e7fff73b498050a6b3c4404ca, type: 3}
  m_Name: 
  m_EditorClassIdentifier: 
  m_UIIgnoredErrors: []
  m_Parent: {fileID: 0}
  m_Children: []
  m_UIPosition: {x: 0, y: 0}
  m_UICollapsed: 1
  m_UISuperCollapsed: 0
  m_MasterSlot: {fileID: 8926484042661614981}
  m_MasterData:
    m_Owner: {fileID: 8926484042661614967}
    m_Value:
      m_Type:
        m_SerializableType: System.UInt32, mscorlib, Version=4.0.0.0, Culture=neutral,
          PublicKeyToken=b77a5c561934e089
      m_SerializableObject: 0
    m_Space: 2147483647
  m_Property:
    name: testValue
    m_serializedType:
      m_SerializableType: System.UInt32, mscorlib, Version=4.0.0.0, Culture=neutral,
        PublicKeyToken=b77a5c561934e089
  m_Direction: 0
  m_LinkedSlots:
  - {fileID: 8926484042661614920}
--- !u!114 &8926484042661614982
MonoBehaviour:
  m_ObjectHideFlags: 0
  m_CorrespondingSourceObject: {fileID: 0}
  m_PrefabInstance: {fileID: 0}
  m_PrefabAsset: {fileID: 0}
  m_GameObject: {fileID: 0}
  m_Enabled: 1
  m_EditorHideFlags: 0
  m_Script: {fileID: 11500000, guid: b4c11ff25089a324daf359f4b0629b33, type: 3}
  m_Name: 
  m_EditorClassIdentifier: 
  m_UIIgnoredErrors: []
  m_Parent: {fileID: 0}
  m_Children: []
  m_UIPosition: {x: 0, y: 0}
  m_UICollapsed: 1
  m_UISuperCollapsed: 0
  m_MasterSlot: {fileID: 8926484042661614982}
  m_MasterData:
    m_Owner: {fileID: 8926484042661614775}
    m_Value:
      m_Type:
        m_SerializableType: System.Boolean, mscorlib, Version=4.0.0.0, Culture=neutral,
          PublicKeyToken=b77a5c561934e089
      m_SerializableObject: True
    m_Space: 2147483647
  m_Property:
    name: _vfx_enabled
    m_serializedType:
      m_SerializableType: System.Boolean, mscorlib, Version=4.0.0.0, Culture=neutral,
        PublicKeyToken=b77a5c561934e089
  m_Direction: 0
  m_LinkedSlots: []
--- !u!114 &8926484042661614983
MonoBehaviour:
  m_ObjectHideFlags: 0
  m_CorrespondingSourceObject: {fileID: 0}
  m_PrefabInstance: {fileID: 0}
  m_PrefabAsset: {fileID: 0}
  m_GameObject: {fileID: 0}
  m_Enabled: 1
  m_EditorHideFlags: 0
  m_Script: {fileID: 11500000, guid: b4c11ff25089a324daf359f4b0629b33, type: 3}
  m_Name: 
  m_EditorClassIdentifier: 
  m_UIIgnoredErrors: []
  m_Parent: {fileID: 0}
  m_Children: []
  m_UIPosition: {x: 0, y: 0}
  m_UICollapsed: 1
  m_UISuperCollapsed: 0
  m_MasterSlot: {fileID: 8926484042661614983}
  m_MasterData:
    m_Owner: {fileID: 8926484042661614770}
    m_Value:
      m_Type:
        m_SerializableType: System.Boolean, mscorlib, Version=4.0.0.0, Culture=neutral,
          PublicKeyToken=b77a5c561934e089
      m_SerializableObject: True
    m_Space: 2147483647
  m_Property:
    name: _vfx_enabled
    m_serializedType:
      m_SerializableType: System.Boolean, mscorlib, Version=4.0.0.0, Culture=neutral,
        PublicKeyToken=b77a5c561934e089
  m_Direction: 0
  m_LinkedSlots: []
--- !u!114 &8926484042661614984
MonoBehaviour:
  m_ObjectHideFlags: 0
  m_CorrespondingSourceObject: {fileID: 0}
  m_PrefabInstance: {fileID: 0}
  m_PrefabAsset: {fileID: 0}
  m_GameObject: {fileID: 0}
  m_Enabled: 1
  m_EditorHideFlags: 0
  m_Script: {fileID: 11500000, guid: b4c11ff25089a324daf359f4b0629b33, type: 3}
  m_Name: 
  m_EditorClassIdentifier: 
  m_UIIgnoredErrors: []
  m_Parent: {fileID: 0}
  m_Children: []
  m_UIPosition: {x: 0, y: 0}
  m_UICollapsed: 1
  m_UISuperCollapsed: 0
  m_MasterSlot: {fileID: 8926484042661614984}
  m_MasterData:
    m_Owner: {fileID: 8926484042661614748}
    m_Value:
      m_Type:
        m_SerializableType: System.Boolean, mscorlib, Version=4.0.0.0, Culture=neutral,
          PublicKeyToken=b77a5c561934e089
      m_SerializableObject: True
    m_Space: 2147483647
  m_Property:
    name: _vfx_enabled
    m_serializedType:
      m_SerializableType: System.Boolean, mscorlib, Version=4.0.0.0, Culture=neutral,
        PublicKeyToken=b77a5c561934e089
  m_Direction: 0
  m_LinkedSlots: []
--- !u!114 &8926484042661614985
MonoBehaviour:
  m_ObjectHideFlags: 0
  m_CorrespondingSourceObject: {fileID: 0}
  m_PrefabInstance: {fileID: 0}
  m_PrefabAsset: {fileID: 0}
  m_GameObject: {fileID: 0}
  m_Enabled: 1
  m_EditorHideFlags: 0
  m_Script: {fileID: 11500000, guid: b4c11ff25089a324daf359f4b0629b33, type: 3}
  m_Name: 
  m_EditorClassIdentifier: 
  m_UIIgnoredErrors: []
  m_Parent: {fileID: 0}
  m_Children: []
  m_UIPosition: {x: 0, y: 0}
  m_UICollapsed: 1
  m_UISuperCollapsed: 0
  m_MasterSlot: {fileID: 8926484042661614985}
  m_MasterData:
    m_Owner: {fileID: 8926484042661614653}
    m_Value:
      m_Type:
        m_SerializableType: System.Boolean, mscorlib, Version=4.0.0.0, Culture=neutral,
          PublicKeyToken=b77a5c561934e089
      m_SerializableObject: True
    m_Space: 2147483647
  m_Property:
    name: _vfx_enabled
    m_serializedType:
      m_SerializableType: System.Boolean, mscorlib, Version=4.0.0.0, Culture=neutral,
        PublicKeyToken=b77a5c561934e089
  m_Direction: 0
  m_LinkedSlots: []
--- !u!114 &8926484042661614986
MonoBehaviour:
  m_ObjectHideFlags: 0
  m_CorrespondingSourceObject: {fileID: 0}
  m_PrefabInstance: {fileID: 0}
  m_PrefabAsset: {fileID: 0}
  m_GameObject: {fileID: 0}
  m_Enabled: 1
  m_EditorHideFlags: 0
  m_Script: {fileID: 11500000, guid: b4c11ff25089a324daf359f4b0629b33, type: 3}
  m_Name: 
  m_EditorClassIdentifier: 
  m_UIIgnoredErrors: []
  m_Parent: {fileID: 0}
  m_Children: []
  m_UIPosition: {x: 0, y: 0}
  m_UICollapsed: 1
  m_UISuperCollapsed: 0
  m_MasterSlot: {fileID: 8926484042661614986}
  m_MasterData:
    m_Owner: {fileID: 8926484042661614786}
    m_Value:
      m_Type:
        m_SerializableType: System.Boolean, mscorlib, Version=4.0.0.0, Culture=neutral,
          PublicKeyToken=b77a5c561934e089
      m_SerializableObject: True
    m_Space: 2147483647
  m_Property:
    name: _vfx_enabled
    m_serializedType:
      m_SerializableType: System.Boolean, mscorlib, Version=4.0.0.0, Culture=neutral,
        PublicKeyToken=b77a5c561934e089
  m_Direction: 0
  m_LinkedSlots: []
--- !u!114 &8926484042661614987
MonoBehaviour:
  m_ObjectHideFlags: 0
  m_CorrespondingSourceObject: {fileID: 0}
  m_PrefabInstance: {fileID: 0}
  m_PrefabAsset: {fileID: 0}
  m_GameObject: {fileID: 0}
  m_Enabled: 1
  m_EditorHideFlags: 0
  m_Script: {fileID: 11500000, guid: b4c11ff25089a324daf359f4b0629b33, type: 3}
  m_Name: 
  m_EditorClassIdentifier: 
  m_UIIgnoredErrors: []
  m_Parent: {fileID: 0}
  m_Children: []
  m_UIPosition: {x: 0, y: 0}
  m_UICollapsed: 1
  m_UISuperCollapsed: 0
  m_MasterSlot: {fileID: 8926484042661614987}
  m_MasterData:
    m_Owner: {fileID: 8926484042661614657}
    m_Value:
      m_Type:
        m_SerializableType: System.Boolean, mscorlib, Version=4.0.0.0, Culture=neutral,
          PublicKeyToken=b77a5c561934e089
      m_SerializableObject: True
    m_Space: 2147483647
  m_Property:
    name: _vfx_enabled
    m_serializedType:
      m_SerializableType: System.Boolean, mscorlib, Version=4.0.0.0, Culture=neutral,
        PublicKeyToken=b77a5c561934e089
  m_Direction: 0
  m_LinkedSlots: []
--- !u!114 &8926484042661614988
MonoBehaviour:
  m_ObjectHideFlags: 0
  m_CorrespondingSourceObject: {fileID: 0}
  m_PrefabInstance: {fileID: 0}
  m_PrefabAsset: {fileID: 0}
  m_GameObject: {fileID: 0}
  m_Enabled: 1
  m_EditorHideFlags: 0
  m_Script: {fileID: 11500000, guid: b4c11ff25089a324daf359f4b0629b33, type: 3}
  m_Name: 
  m_EditorClassIdentifier: 
  m_UIIgnoredErrors: []
  m_Parent: {fileID: 0}
  m_Children: []
  m_UIPosition: {x: 0, y: 0}
  m_UICollapsed: 1
  m_UISuperCollapsed: 0
  m_MasterSlot: {fileID: 8926484042661614988}
  m_MasterData:
    m_Owner: {fileID: 8926484042661614777}
    m_Value:
      m_Type:
        m_SerializableType: System.Boolean, mscorlib, Version=4.0.0.0, Culture=neutral,
          PublicKeyToken=b77a5c561934e089
      m_SerializableObject: False
    m_Space: 2147483647
  m_Property:
    name: _vfx_enabled
    m_serializedType:
      m_SerializableType: System.Boolean, mscorlib, Version=4.0.0.0, Culture=neutral,
        PublicKeyToken=b77a5c561934e089
  m_Direction: 0
  m_LinkedSlots: []
--- !u!114 &8926484042661614989
MonoBehaviour:
  m_ObjectHideFlags: 0
  m_CorrespondingSourceObject: {fileID: 0}
  m_PrefabInstance: {fileID: 0}
  m_PrefabAsset: {fileID: 0}
  m_GameObject: {fileID: 0}
  m_Enabled: 1
  m_EditorHideFlags: 0
  m_Script: {fileID: 11500000, guid: b4c11ff25089a324daf359f4b0629b33, type: 3}
  m_Name: 
  m_EditorClassIdentifier: 
  m_UIIgnoredErrors: []
  m_Parent: {fileID: 0}
  m_Children: []
  m_UIPosition: {x: 0, y: 0}
  m_UICollapsed: 1
  m_UISuperCollapsed: 0
  m_MasterSlot: {fileID: 8926484042661614989}
  m_MasterData:
    m_Owner: {fileID: 8926484042661614757}
    m_Value:
      m_Type:
        m_SerializableType: System.Boolean, mscorlib, Version=4.0.0.0, Culture=neutral,
          PublicKeyToken=b77a5c561934e089
      m_SerializableObject: True
    m_Space: 2147483647
  m_Property:
    name: _vfx_enabled
    m_serializedType:
      m_SerializableType: System.Boolean, mscorlib, Version=4.0.0.0, Culture=neutral,
        PublicKeyToken=b77a5c561934e089
  m_Direction: 0
  m_LinkedSlots: []
